@book{Coldren1997,
    title = {{Diode Lasers and Photonic Integrated Circuits}},
    year = {2012},
    booktitle = {Optical Engineering},
    author = {Coldren, Larry A. and Corzine, Scott W. and Ma{\v{s}}anovi{\'{c}}, Milan L.},
    edition = {2},
    number = {2},
    month = {3},
    pages = {},
    volume = {},
    publisher = {John Wiley {\&} Sons, Inc.},
    url = {http://doi.wiley.com/10.1002/9781118148167},
    address = {Hoboken, NJ, USA},
    isbn = {9781118148167},
    doi = {10.1002/9781118148167}
}

@article{Andre2020,
    title = {{Efficient stochastic simulation of rate equations and photon statistics of nanolasers}},
    year = {2020},
    journal = {Optics Express},
    author = {Andr{\'{e}}, Emil C. and M{\o}rk, Jesper and Wubs, Martijn},
    number = {22},
    pages = {32632},
    volume = {28},
    doi = {10.1364/oe.405979},
    issn = {1094-4087},
    pmid = {33114945},
    arxivId = {2008.11456}
}

@misc{marco_unpublished,
    title = {{Unpublished work}},
    year = {2023},
    author = {Saldutti, Marco and Yu, Yi and M{\o}rk, Jesper}
}

@techreport{Mork202234051Electrodynamics,
    title = {{34051 LN-QED Cavity quantum electrodynamics}},
    year = {2022},
    author = {Mork, J}
}

@techreport{Mork202234051Electrodynamicsb,
    title = {{34051 LN-QED Cavity quantum electrodynamics}},
    year = {2022},
    author = {Mork, Jesper}
}

@article{LovK.Grover1996ASearch,
    title = {{A fast quantum mechanical algorithm for database search}},
    year = {1996},
    journal = {arXiv:quant-ph/9605043},
    author = {{Lov K. Grover}}
}

@article{Najer2019AMicrocavity,
    title = {{A gated quantum dot strongly coupled to an optical microcavity}},
    year = {2019},
    journal = {Nature 2019 575:7784},
    author = {Najer, Daniel and S{\"{o}}llner, Immo and Sekatski, Pavel and Dolique, Vincent and L{\"{o}}bl, Matthias C. and Riedel, Daniel and Schott, Rüdiger and Starosielec, Sebastian and Valentin, Sascha R. and Wieck, Andreas D. and Sangouard, Nicolas and Ludwig, Arne and Warburton, Richard J.},
    number = {7784},
    month = {10},
    pages = {622--627},
    volume = {575},
    publisher = {Nature Publishing Group},
    url = {https://www.nature.com/articles/s41586-019-1709-y},
    doi = {10.1038/s41586-019-1709-y},
    issn = {1476-4687},
    keywords = {Quantum dots, Quantum optics, Single photons and quantum effects}
}

@article{McCutcheon2011ADots,
    title = {{A general approach to quantum dynamics using a variational master equation: Application to phonon-damped Rabi rotations in quantum dots}},
    year = {2011},
    journal = {Physical Review B - Condensed Matter and Materials Physics},
    author = {McCutcheon, Dara P.S. and Dattani, Nikesh S. and Gauger, Erik M. and Lovett, Brendon W. and Nazir, Ahsan},
    number = {8},
    month = {8},
    volume = {84},
    doi = {10.1103/PhysRevB.84.081305},
    issn = {10980121},
    arxivId = {1105.6015}
}

@article{Gillespie1976AReactions,
    title = {{A general method for numerically simulating the stochastic time evolution of coupled chemical reactions}},
    year = {1976},
    journal = {Journal of Computational Physics},
    author = {Gillespie, Daniel T},
    number = {4},
    month = {12},
    pages = {403--434},
    volume = {22},
    url = {https://linkinghub.elsevier.com/retrieve/pii/0021999176900413},
    doi = {10.1016/0021-9991(76)90041-3},
    issn = {00219991}
}

@article{Michler2000ADevice,
    title = {{A Quantum Dot Single-Photon Turnstile Device}},
    year = {2000},
    journal = {Science},
    author = {Michler, P and Kiraz, A and Becher, C and Schoenfeld, W V and Petroff, P M and Zhang, Lidong and Hu, E and Imamoglu, A},
    number = {5500},
    pages = {2282--2285},
    volume = {290},
    publisher = {American Association for the Advancement of Science},
    url = {https://science.sciencemag.org/content/290/5500/2282},
    doi = {10.1126/science.290.5500.2282},
    issn = {0036-8075}
}

@article{Jagsch2018ACavities,
    title = {{A quantum optical study of thresholdless lasing features in high-{$\beta$} nitride nanobeam cavities}},
    year = {2018},
    journal = {Nature Communications},
    author = {Jagsch, Stefan T. and Trivi{\~{n}}o, Noelia Vico and Lohof, Frederik and Callsen, Gordon and Kalinowski, Stefan and Rousseau, Ian M. and Barzel, Roy and Carlin, Jean François and Jahnke, Frank and Butt{\'{e}}, Raphaël and Gies, Christopher and Hoffmann, Axel and Grandjean, Nicolas and Reitzenstein, Stephan},
    number = {1},
    month = {12},
    volume = {9},
    publisher = {Nature Publishing Group},
    doi = {10.1038/s41467-018-02999-2},
    issn = {20411723},
    pmid = {29422492}
}

@article{Tang2019ASystems,
    title = {{A quantum-inspired classical algorithm for recommendation systems}},
    year = {2019},
    journal = {Proceedings of the Annual ACM Symposium on Theory of Computing},
    author = {Tang, Ewin},
    pages = {217--228},
    isbn = {9781450367059},
    doi = {10.1145/3313276.3316310},
    issn = {07378017},
    arxivId = {1807.04271},
    keywords = {Exponential speedup, Low-rank approximation, Quantum machine learning, Recommender systems, Sampling}
}

@article{He2019ASilicon,
    title = {{A two-qubit gate between phosphorus donor electrons in silicon}},
    year = {2019},
    journal = {Nature},
    author = {He, Y. and Gorman, S. K. and Keith, D. and Kranz, L. and Keizer, J. G. and Simmons, M. Y.},
    number = {7765},
    pages = {371--375},
    volume = {571},
    doi = {10.1038/s41586-019-1381-2},
    issn = {14764687},
    pmid = {31316197}
}

@article{Cheng2008ACrystals,
    title = {{A unified theory for charge-carrier transport in organic crystals}},
    year = {2008},
    journal = {J. Chem. Phys},
    author = {Cheng, Yuan-Chung and Silbey, Robert J},
    pages = {114713},
    volume = {128},
    url = {https://doi.org/10.1063/1.2894840},
    doi = {10.1063/1.2894840}
}

@article{Cosacchi2021AccuracyDot,
    title = {{Accuracy of the Quantum Regression Theorem for Photon Emission from a Quantum Dot}},
    year = {2021},
    journal = {Physical Review Letters},
    author = {Cosacchi, M. and Seidelmann, T. and Cygorek, M. and Vagov, A. and Reiter, D. E. and Axt, V. M.},
    number = {10},
    month = {8},
    pages = {100402},
    volume = {127},
    url = {https://link.aps.org/doi/10.1103/PhysRevLett.127.100402},
    doi = {10.1103/PhysRevLett.127.100402},
    issn = {0031-9007}
}

@article{Besombes2001AcousticEmission,
    title = {{Acoustic phonon broadening mechanism in single quantum dot emission}},
    year = {2001},
    journal = {Physical Review B},
    author = {Besombes, L and Kheng, K and Marsal, L and Mariette, H},
    pages = {155307},
    volume = {63},
    doi = {10.1103/PhysRevB.63.155307},
    keywords = {6320Ls, 7361Ga, numbers: 7866Hf}
}

@article{Wigger2020AcousticDot,
    title = {{Acoustic phonon sideband dynamics during polaron formation in a single quantum dot}},
    year = {2020},
    journal = {Optics Letters},
    author = {Wigger, Daniel and Karakhanyan, Vage and Schneider, Christian and Kamp, Martin and H{\"{o}}fling, Sven and Machnikowski, Paweł and Kuhn, Tilmann and Kasprzak, Jacek},
    number = {4},
    month = {2},
    pages = {919},
    volume = {45},
    publisher = {The Optical Society},
    url = {http://dx.doi.org/10.1364/OL.385602},
    doi = {10.1364/ol.385602},
    issn = {1539-4794}
}

@article{Suzuki2020AmplitudeEstimation,
    title = {{Amplitude estimation without phase estimation}},
    year = {2020},
    journal = {Quantum Information Processing},
    author = {Suzuki, Yohichi and Uno, Shumpei and Raymond, Rudy and Tanaka, Tomoki and Onodera, Tamiya and Yamamoto, Naoki},
    number = {2},
    pages = {3--14},
    volume = {19},
    doi = {10.1007/s11128-019-2565-2},
    issn = {15731332},
    arxivId = {1904.10246},
    keywords = {Classical post-processing, Cram{\'{e}}r–Rao bound, Maximum likelihood estimation, Quantum amplitude estimation}
}

@article{Yamamoto1986AmplitudeOscillator,
    title = {{Amplitude squeezing in a pump-noise-suppressed laser oscillator}},
    year = {1986},
    journal = {Physical Review A},
    author = {Yamamoto, Y. and Machida, S. and Nilsson, O.},
    number = {5},
    month = {11},
    pages = {4025--4042},
    volume = {34},
    url = {https://link.aps.org/doi/10.1103/PhysRevA.34.4025},
    doi = {10.1103/PhysRevA.34.4025},
    issn = {0556-2791}
}

@article{Ritter2012AnCavities,
    title = {{An elementary quantum network of single atoms in optical cavities}},
    year = {2012},
    journal = {Nature},
    author = {Ritter, Stephan and N{\"{o}}lleke, Christian and Hahn, Carolin and Reiserer, Andreas and Neuzner, Andreas and Uphoff, Manuel and M{\"{u}}cke, Martin and Figueroa, Eden and Bochmann, Joerg and Rempe, Gerhard},
    number = {7393},
    month = {4},
    pages = {195--200},
    volume = {484},
    doi = {10.1038/nature11023},
    issn = {00280836},
    arxivId = {1202.5955}
}

@article{Alchieri2021AnLearning,
    title = {{An introduction to quantum machine learning: from quantum logic to quantum deep learning}},
    year = {2021},
    journal = {Quantum Machine Intelligence},
    author = {Alchieri, Leonardo and Badalotti, Davide and Bonardi, Pietro and Bianco, Simone},
    number = {2},
    volume = {3},
    publisher = {Quantum Machine Intelligence},
    doi = {10.1007/s42484-021-00056-8},
    issn = {25244914},
    keywords = {Quantum computing, Quantum deep learning, Quantum machine learning}
}

@article{Ma2019ApplicationsNanolasers,
    title = {{Applications of nanolasers}},
    year = {2019},
    journal = {Nature Nanotechnology},
    author = {Ma, Ren Min and Oulton, Rupert F.},
    number = {1},
    month = {1},
    pages = {12--22},
    volume = {14},
    publisher = {Nature Publishing Group},
    doi = {10.1038/s41565-018-0320-y},
    issn = {17483395},
    pmid = {30559486}
}

@article{Fano1956AtomicMaterials,
    title = {{Atomic Theory of Electromagnetic Interactions in Dense Materials}},
    year = {1956},
    journal = {Phys. Rev.},
    author = {Fano, U},
    number = {5},
    month = {9},
    pages = {1202--1218},
    volume = {103},
    publisher = {American Physical Society},
    url = {https://link.aps.org/doi/10.1103/PhysRev.103.1202},
    doi = {10.1103/PhysRev.103.1202}
}

@article{Miller2017AttojouleCommunications,
    title = {{Attojoule Optoelectronics for Low-Energy Information Processing and Communications}},
    year = {2017},
    journal = {Journal of Lightwave Technology},
    author = {Miller, David A.B.},
    number = {3},
    month = {2},
    pages = {346--396},
    volume = {35},
    publisher = {Institute of Electrical and Electronics Engineers Inc.},
    doi = {10.1109/JLT.2017.2647779},
    issn = {07338724},
    keywords = {Integrated optoelectronics, optical arrays, optical communications, optical computing, optical interconnections, optical resonators, optoelectronic devices, quantum-confined Stark effect, space-division multiplexing, wavelength-division multiplexing}
}

@article{Wright2019BenchmarkingComputer,
    title = {{Benchmarking an 11-qubit quantum computer}},
    year = {2019},
    journal = {Nature Communications},
    author = {Wright, K. and Beck, K. M. and Debnath, S. and Amini, J. M. and Nam, Y. and Grzesiak, N. and Chen, J. S. and Pisenti, N. C. and Chmielewski, M. and Collins, C. and Hudek, K. M. and Mizrahi, J. and Wong-Campos, J. D. and Allen, S. and Apisdorf, J. and Solomon, P. and Williams, M. and Ducore, A. M. and Blinov, A. and Kreikemeier, S. M. and Chaplin, V. and Keesan, M. and Monroe, C. and Kim, J.},
    number = {1},
    pages = {1--6},
    volume = {10},
    publisher = {Springer US},
    url = {http://dx.doi.org/10.1038/s41467-019-13534-2},
    doi = {10.1038/s41467-019-13534-2},
    issn = {20411723},
    pmid = {31784527},
    arxivId = {1903.08181}
}

@article{Pahle2008BiochemicalApproaches,
    title = {{Biochemical simulations: stochastic, approximate stochastic and hybrid approaches}},
    year = {2008},
    journal = {Briefings in Bioinformatics},
    author = {Pahle, J.},
    number = {1},
    month = {10},
    pages = {53--64},
    volume = {10},
    url = {https://academic.oup.com/bib/article-lookup/doi/10.1093/bib/bbn050},
    doi = {10.1093/bib/bbn050},
    issn = {1467-5463},
    keywords = {Approximate stochastic simulation, Biochemical systems, Hybrid simulation methods, Stochastic simulation, Systems biology}
}

@article{Yamamoto1991Bjork_1991_Jpn._J._Appl._Phys._30_L2039,
    title = {{Bj{\"{o}}rk{\_}1991{\_}Jpn.{\_}J.{\_}Appl.{\_}Phys.{\_}30{\_}L2039}},
    year = {1991},
    journal = {Japanese Journal of Applied Physics},
    author = {Yamamoto, Yoshihisa and Bj{\"{o}}rk, Gunnar},
    number = {12A},
    pages = {2039--2041},
    volume = {30}
}

@techreport{Prato1996BogoliubovInequality,
    title = {{Bogoliubov inequality}},
    year = {1996},
    booktitle = {Revista Mexicana de F{\'{i}}siro},
    author = {Prato, Domingo and Barraco, Daniel E},
    number = {1},
    pages = {145--150},
    volume = {42}
}

@article{Carroll2022CarrollReply:,
    title = {{Carroll <i>et al.</i> Reply:}},
    year = {2022},
    journal = {Physical Review Letters},
    author = {Carroll, Mark Anthony and D'Alessandro, Giampaolo and Lippi, Gian Luca and Oppo, Gian-Luca and Papoff, Francesco},
    number = {2},
    month = {1},
    pages = {029402},
    volume = {128},
    publisher = {American Physical Society},
    url = {https://link.aps.org/doi/10.1103/PhysRevLett.128.029402},
    doi = {10.1103/PhysRevLett.128.029402},
    issn = {0031-9007}
}

@article{Choi2019CascadedEmitters,
    title = {{Cascaded Cavities Boost the Indistinguishability of Imperfect Quantum Emitters}},
    year = {2019},
    journal = {Physical Review Letters},
    author = {Choi, Hyeongrak and Zhu, Di and Yoon, Yoseob and Englund, Dirk},
    number = {18},
    month = {5},
    volume = {122},
    publisher = {American Physical Society},
    doi = {10.1103/PhysRevLett.122.183602},
    issn = {10797114},
    pmid = {31144870}
}

@article{Reiserer2015Cavity-basedPhotons,
    title = {{Cavity-based quantum networks with single atoms and optical photons}},
    year = {2015},
    journal = {Reviews of Modern Physics},
    author = {Reiserer, Andreas and Rempe, Gerhard},
    number = {4},
    month = {12},
    pages = {1379--1418},
    volume = {87},
    publisher = {American Physical Society},
    doi = {10.1103/RevModPhys.87.1379},
    issn = {15390756},
    arxivId = {1412.2889}
}

@article{Herrera2016Cavity-ControlledEnsembles,
    title = {{Cavity-Controlled Chemistry in Molecular Ensembles}},
    year = {2016},
    journal = {Physical Review Letters},
    author = {Herrera, Felipe and Spano, Frank C.},
    number = {23},
    month = {6},
    volume = {116},
    publisher = {American Physical Society},
    doi = {10.1103/PhysRevLett.116.238301},
    issn = {10797114},
    arxivId = {1512.05017}
}

@article{Galego2015Cavity-inducedRegime,
    title = {{Cavity-induced modifications of molecular structure in the strong-coupling regime}},
    year = {2015},
    journal = {Physical Review X},
    author = {Galego, Javier and Garcia-Vidal, Francisco J. and Feist, Johannes},
    number = {4},
    volume = {5},
    publisher = {American Physical Society},
    doi = {10.1103/PhysRevX.5.041022},
    issn = {21603308},
    arxivId = {1506.03331},
    keywords = {Chemical physics, Plasmonics, Quantum physics}
}

@article{Fink2008ClimbingSystem,
    title = {{Climbing the Jaynes–Cummings ladder and observing its nonlinearity in a cavity QED system}},
    year = {2008},
    journal = {Nature 2008 454:7202},
    author = {Fink, J. M. and G{\"{o}}ppl, M. and Baur, M. and Bianchetti, R. and Leek, P. J. and Blais, A. and Wallraff, A.},
    number = {7202},
    month = {7},
    pages = {315--318},
    volume = {454},
    publisher = {Nature Publishing Group},
    url = {https://www.nature.com/articles/nature07112},
    doi = {10.1038/nature07112},
    issn = {1476-4687},
    keywords = {Humanities and Social Sciences, Science, multidisciplinary}
}

@article{Hofmann2000CoexistenceDiodes,
    title = {{Coexistence of thermal noise and squeezing in the intensity fluctuations of small laser diodes}},
    year = {2000},
    journal = {Journal of the Optical Society of America B},
    author = {Hofmann, Holger F. and Hess, Ortwin},
    number = {11},
    month = {11},
    pages = {1926},
    volume = {17},
    url = {https://opg.optica.org/abstract.cfm?URI=josab-17-11-1926},
    doi = {10.1364/JOSAB.17.001926},
    issn = {0740-3224}
}

@article{Wang2016CoherentTemperature,
    title = {{Coherent coupling of WS2 monolayers with metallic photonic nanostructures at room temperature}},
    year = {2016},
    journal = {Nano Letters},
    author = {Wang, Shaojun and Li, Songlin and Chervy, Thibault and Shalabney, Atef and Azzini, Stefano and Orgiu, Emanuele and Hutchison, James A. and Genet, Cyriaque and Samor{\`{i}}, Paolo and Ebbesen, Thomas W.},
    number = {7},
    month = {7},
    pages = {4368--4374},
    volume = {16},
    publisher = {American Chemical Society},
    doi = {10.1021/acs.nanolett.6b01475},
    issn = {15306992},
    arxivId = {1604.06656},
    keywords = {2D materials, Strong coupling, WS2 monolayers, polaritonics, surface plasmons}
}

@article{Chin2006Coherent-incoherentModel,
    title = {{Coherent-incoherent transition in the sub-Ohmic spin-boson model}},
    year = {2006},
    journal = {Physical Review B - Condensed Matter and Materials Physics},
    author = {Chin, Alex and Turlakov, Misha},
    number = {7},
    volume = {73},
    doi = {10.1103/PhysRevB.73.075311},
    issn = {10980121}
}

@article{Whalen2019CollisionTrajectories,
    title = {{Collision model for non-Markovian quantum trajectories}},
    year = {2019},
    journal = {Physical Review A},
    author = {Whalen, S. J.},
    number = {5},
    month = {11},
    pages = {052113},
    volume = {100},
    publisher = {American Physical Society},
    url = {https://link.aps.org/doi/10.1103/PhysRevA.100.052113},
    doi = {10.1103/PhysRevA.100.052113},
    issn = {2469-9926}
}

@article{Ciccarello2018CollisionOptics,
    title = {{Collision models in quantum optics}},
    year = {2018},
    journal = {Quantum Measurements and Quantum Metrology},
    author = {Ciccarello, Francesco},
    number = {1},
    month = {1},
    volume = {4},
    publisher = {Portico},
    doi = {10.1515/qmetro-2017-0007},
    arxivId = {1712.04994}
}

@article{Vyshnevyy2022CommentDevices,
    title = {{Comment on "thermal, Quantum Antibunching and Lasing Thresholds from Single Emitters to Macroscopic Devices"}},
    year = {2022},
    journal = {Physical Review Letters},
    author = {Vyshnevyy, Andrey A. and Fedyanin, Dmitry Yu},
    number = {2},
    month = {1},
    pages = {029401},
    volume = {128},
    publisher = {American Physical Society},
    doi = {10.1103/PhysRevLett.128.029401},
    issn = {10797114},
    pmid = {35089736}
}

@article{Jaynes1963ComparisonMaser,
    title = {{Comparison of Quantum and Semiclassical Radiation Theories with Application to the Beam Maser}},
    year = {1963},
    journal = {Proceedings of the IEEE},
    author = {Jaynes, E. T. and Cummings, F. W.},
    number = {1},
    pages = {89--109},
    volume = {51},
    doi = {10.1109/PROC.1963.1664}
}

@phdthesis{Kamuk2020ComputationalWavefunction,
    title = {{Computational methods in nanophotonics: MonteCarlo Wavefunction}},
    year = {2020},
    author = {Kamuk, Simon}
}

@article{Doan2005CondensationPolaritons,
    title = {{Condensation kinetics of microcavity polaritons with scattering by phonons and polaritons}},
    year = {2005},
    journal = {Physical Review B - Condensed Matter and Materials Physics},
    author = {Doan, T. D. and Huy, Thien Cao and Tran Thoai, D. B. and Haug, H.},
    number = {8},
    month = {8},
    volume = {72},
    doi = {10.1103/PhysRevB.72.085301},
    issn = {10980121}
}

@article{Krastanov2022Controlled-phaseEmitter,
    title = {{Controlled-phase gate by dynamic coupling of photons to a two-level emitter}},
    year = {2022},
    journal = {npj Quantum Information},
    author = {Krastanov, Stefan and Jacobs, Kurt and Gilbert, Gerald and Englund, Dirk R. and Heuck, Mikkel},
    number = {1},
    month = {9},
    pages = {103},
    volume = {8},
    url = {https://www.nature.com/articles/s41534-022-00604-5},
    doi = {10.1038/s41534-022-00604-5},
    issn = {2056-6387}
}

@article{Heuck2020Controlled-PhaseNonlinearities,
    title = {{Controlled-Phase Gate Using Dynamically Coupled Cavities and Optical Nonlinearities}},
    year = {2020},
    journal = {Physical Review Letters},
    author = {Heuck, Mikkel and Jacobs, Kurt and Englund, Dirk R.},
    number = {16},
    month = {4},
    volume = {124},
    publisher = {American Physical Society},
    doi = {10.1103/PhysRevLett.124.160501},
    issn = {10797114},
    pmid = {32383940},
    arxivId = {1909.05751}
}

@article{Faraon2012CouplingDiamond,
    title = {{Coupling of nitrogen-vacancy centers to photonic crystal cavities in monocrystalline diamond}},
    year = {2012},
    journal = {Physical Review Letters},
    author = {Faraon, Andrei and Santori, Charles and Huang, Zhihong and Acosta, Victor M. and Beausoleil, Raymond G.},
    number = {3},
    month = {7},
    volume = {109},
    doi = {10.1103/PhysRevLett.109.033604},
    issn = {00319007},
    arxivId = {1202.0806}
}

@article{Ramsay2010DampingDots,
    title = {{Damping of Exciton Rabi Rotations by Acoustic Phonons in Optically Excited InGaAs/GaAs Quantum Dots}},
    year = {2010},
    journal = {Phys. Rev. Lett.},
    author = {Ramsay, A J and Gopal, Achanta Venu and Gauger, E M and Nazir, A and Lovett, B W and Fox, A M and Skolnick, M S},
    number = {1},
    month = {1},
    pages = {17402},
    volume = {104},
    publisher = {American Physical Society},
    url = {https://link.aps.org/doi/10.1103/PhysRevLett.104.017402},
    doi = {10.1103/PhysRevLett.104.017402}
}

@article{Kaer2014DecoherenceCouplings,
    title = {{Decoherence in semiconductor cavity QED systems due to phonon couplings}},
    year = {2014},
    journal = {Physical Review B - Condensed Matter and Materials Physics},
    author = {Kaer, P. and M{\o}rk, J.},
    number = {3},
    month = {7},
    volume = {90},
    publisher = {American Physical Society},
    doi = {10.1103/PhysRevB.90.035312},
    issn = {1550235X},
    arxivId = {1404.5604}
}

@article{Yu2017DemonstrationLaser,
    title = {{Demonstration of a self-pulsing photonic crystal Fano laser}},
    year = {2017},
    journal = {Nature Photonics},
    author = {Yu, Yi and Xue, Weiqi and Semenova, Elizaveta and Yvind, Kresten and Mork, Jesper},
    number = {2},
    month = {2},
    pages = {81--84},
    volume = {11},
    publisher = {Nature Publishing Group},
    doi = {10.1038/nphoton.2016.248},
    issn = {17494893},
    arxivId = {1605.03028}
}

@article{Muljarov2004DephasingPhonons,
    title = {{Dephasing in Quantum Dots: Quadratic Coupling to Acoustic Phonons}},
    year = {2004},
    journal = {Physical Review Letters},
    author = {Muljarov, E A and Zimmermann, R},
    number = {23},
    month = {11},
    pages = {237401},
    volume = {93},
    publisher = {American Physical Society},
    url = {https://link.aps.org/doi/10.1103/PhysRevLett.93.237401},
    doi = {10.1103/PhysRevLett.93.237401}
}

@article{Hu2016DesignConcentration,
    title = {{Design of Photonic Crystal Cavities for Extreme Light Concentration}},
    year = {2016},
    journal = {ACS Photonics},
    author = {Hu, Shuren and Weiss, Sharon M.},
    number = {9},
    month = {9},
    pages = {1647--1653},
    volume = {3},
    doi = {10.1021/acsphotonics.6b00219},
    issn = {2330-4022}
}

@article{Yang2022DeterministicSystems,
    title = {{Deterministic Photon Sorting in Waveguide QED Systems}},
    year = {2022},
    journal = {Physical Review Letters},
    author = {Yang, Fan and Lund, Mads M. and Pohl, Thomas and Lodahl, Peter and M{\o}lmer, Klaus},
    number = {21},
    month = {5},
    volume = {128},
    publisher = {American Physical Society},
    doi = {10.1103/PhysRevLett.128.213603},
    issn = {10797114},
    pmid = {35687472},
    arxivId = {2202.06992}
}

@article{Nguyen2020DoDepth,
    title = {{Do Wide and Deep Networks Learn the Same Things? Uncovering How Neural Network Representations Vary with Width and Depth}},
    year = {2020},
    author = {Nguyen, Thao and Raghu, Maithra and Kornblith, Simon},
    pages = {1--25},
    url = {http://arxiv.org/abs/2010.15327},
    arxivId = {2010.15327}
}

@article{Gardiner1993DrivingSystem,
    title = {{Driving a quantum system with the output field from another driven quantum system}},
    year = {1993},
    journal = {Physical Review Letters},
    author = {Gardiner, C. W.},
    number = {15},
    month = {4},
    pages = {2269},
    volume = {70},
    publisher = {American Physical Society},
    url = {https://journals.aps.org/prl/abstract/10.1103/PhysRevLett.70.2269},
    doi = {10.1103/PhysRevLett.70.2269}
}

@article{LeJeannic2022DynamicalEmitter,
    title = {{Dynamical photon-photon interaction mediated by a quantum emitter}},
    year = {2022},
    journal = {Nature Physics},
    author = {Le Jeannic, Hanna and Tiranov, Alexey and Carolan, Jacques and Ramos, Tomás and Wang, Ying and Appel, Martin Hayhurst and Scholz, Sven and Wieck, Andreas D. and Ludwig, Arne and Rotenberg, Nir and Midolo, Leonardo and Garc{\'{i}}a-Ripoll, Juan José and S{\o}rensen, Anders S. and Lodahl, Peter},
    number = {10},
    month = {10},
    pages = {1191--1195},
    volume = {18},
    publisher = {Nature Research},
    url = {https://www.nature.com/articles/s41567-022-01720-x},
    doi = {10.1038/s41567-022-01720-x},
    issn = {1745-2473}
}

@article{Moelbjerg2013DynamicalEmitters,
    title = {{Dynamical properties of nanolasers based on few discrete emitters}},
    year = {2013},
    journal = {IEEE Journal of Quantum Electronics},
    author = {Moelbjerg, Anders and Kaer, Per and Lorke, Michael and Tromborg, Bjarne and Mork, Jesper},
    number = {11},
    pages = {945--954},
    volume = {49},
    doi = {10.1109/JQE.2013.2282464},
    issn = {00189197},
    keywords = {Laser theory, atom lasers, nanoscale devices, quantum dot lasers}
}

@article{Ramsay2011EffectDots,
    title = {{Effect of detuning on the phonon induced dephasing of optically driven InGaAs/GaAs quantum dots}},
    year = {2011},
    journal = {Journal of Applied Physics},
    author = {Ramsay, A. J. and Godden, T. M. and Boyle, S. J. and Gauger, E. M. and Nazir, A. and Lovett, B. W. and Gopal, Achanta Venu and Fox, A. M. and Skolnick, M. S.},
    number = {10},
    month = {5},
    volume = {109},
    doi = {10.1063/1.3577963}
}

@article{Barrett2004EfficientOptics,
    title = {{Efficient high-fidelity quantum computation using matter qubits and linear optics}},
    year = {2004},
    journal = {Physical Review A - Atomic, Molecular, and Optical Physics},
    author = {Barrett, Sean D. and Kok, Pieter},
    number = {6},
    month = {8},
    volume = {71},
    url = {http://arxiv.org/abs/quant-ph/0408040 http://dx.doi.org/10.1103/PhysRevA.71.060310},
    doi = {10.1103/PhysRevA.71.060310},
    arxivId = {quant-ph/0408040}
}

@article{Strathearn2018EfficientOperators,
    title = {{Efficient non-Markovian quantum dynamics using time-evolving matrix product operators}},
    year = {2018},
    journal = {Nature Communications},
    author = {Strathearn, A. and Kirton, P. and Kilda, D. and Keeling, J. and Lovett, B. W.},
    number = {1},
    month = {12},
    volume = {9},
    publisher = {Nature Publishing Group},
    doi = {10.1038/S41467-018-05617-3}
}

@article{Gustin2020EfficientCavities,
    title = {{Efficient Pulse-Excitation Techniques for Single Photon Sources from Quantum Dots in Optical Cavities}},
    year = {2020},
    journal = {Advanced Quantum Technologies},
    author = {Gustin, Chris and Hughes, Stephen},
    number = {2},
    month = {2},
    volume = {3},
    publisher = {Wiley-VCH Verlag},
    doi = {10.1002/qute.201900073},
    issn = {25119044},
    arxivId = {1906.06447},
    keywords = {exciton-phonon scattering, master equations, quantum dots, single photon sources}
}

@article{Dimopoulos2022Electrically-DrivenThreshold,
    title = {{Electrically-Driven Photonic Crystal Lasers with Ultra-low Threshold}},
    year = {2022},
    journal = {Laser and Photonics Reviews},
    author = {Dimopoulos, Evangelos and Sakanas, Aurimas and Marchevsky, Andrey and Xiong, Meng and Yu, Yi and Semenova, Elizaveta and M{\o}rk, Jesper and Yvind, Kresten},
    number = {},
    pages = {2200109},
    volume = {16},
    publisher = {John Wiley and Sons Inc},
    doi = {10.1002/lpor.202200109},
    issn = {18638899},
    arxivId = {2207.02931},
    keywords = {Q-factor, lateral carrier injection, nanolasers, photonic crystal membrane lasers}
}

@article{Takagahara1993Electron-phononNanocrystals,
    title = {{Electron-phonon interactions and excitonic dephasing in semiconductor nanocrystals}},
    year = {1993},
    journal = {Phys. Rev. Lett.},
    author = {Takagahara, T},
    number = {21},
    month = {11},
    pages = {3577--3580},
    volume = {71},
    publisher = {American Physical Society},
    url = {https://link.aps.org/doi/10.1103/PhysRevLett.71.3577},
    doi = {10.1103/PhysRevLett.71.3577}
}

@article{Barenco1995ElementaryComputation,
    title = {{Elementary gates for quantum computation}},
    year = {1995},
    journal = {Physical Review A},
    author = {Barenco, Adriano and Bennett, Charles H. and Cleve, Richard and Divincenzo, David P. and Margolus, Norman and Shor, Peter and Sleator, Tycho and Smolin, John A. and Weinfurter, Harald},
    number = {5},
    pages = {3457--3467},
    volume = {52},
    doi = {10.1103/PhysRevA.52.3457},
    issn = {10502947},
    arxivId = {quant-ph/9503016}
}

@article{Kreinberg2017EmissionCoupling,
    title = {{Emission from quantum-dot high-{\ss} microcavities: Transition from spontaneous emission to lasing and the effects of superradiant emitter coupling}},
    year = {2017},
    journal = {Light: Science and Applications},
    author = {Kreinberg, Sören and Chow, Weng W. and Wolters, Janik and Schneider, Christian and Gies, Christopher and Jahnke, Frank and H{\"{o}}fling, Sven and Kamp, Martin and Reitzenstein, Stephan},
    number = {8},
    pages = {1--8},
    volume = {6},
    doi = {10.1038/lsa.2017.30},
    issn = {20477538},
    arxivId = {1610.04129},
    keywords = {Coherence, Laser physics, Microlasers, Nanolasers, Optoelectronics, Photon statistics, Quantum dots, Quantum optics}
}

@article{Chow2014EmissionLasing,
    title = {{Emission properties of nanolasers during the transition to lasing}},
    year = {2014},
    journal = {Light: Science {\&} Applications},
    author = {Chow, Weng W and Jahnke, Frank and Gies, Christopher},
    number = {8},
    month = {8},
    pages = {e201-e201},
    volume = {3},
    publisher = {Nature Publishing Group},
    url = {https://www.nature.com/articles/lsa201482},
    doi = {10.1038/lsa.2014.82},
    issn = {2047-7538},
    keywords = {Nanolasers, Optoelectronics, Photon statistics, Quantum light sources, Quantum optics, Semiconductor quantum dots, Thresholdless lasing}
}

@article{Ghosh2021EncodingComputer,
    title = {{Encoding classical data into a quantum computer}},
    year = {2021},
    journal = {arXiv:1401.2142},
    author = {Ghosh, Kumar},
    pages = {1--13},
    url = {http://arxiv.org/abs/2107.09155},
    arxivId = {2107.09155}
}

@article{Richter2022EnhancedNetworks,
    title = {{Enhanced TEMPO Algorithm for Quantum Path Integrals with Off-Diagonal System-Bath Coupling: Applications to Photonic Quantum Networks}},
    year = {2022},
    journal = {Physical Review Letters},
    author = {Richter, Marten and Hughes, Stephen},
    number = {16},
    month = {4},
    volume = {128},
    publisher = {American Physical Society},
    doi = {10.1103/PhysRevLett.128.167403},
    issn = {10797114},
    pmid = {35522504},
    arxivId = {2110.01334}
}

@article{Denning2021Erratum:10.1103/PhysRevB.102.235303,
    title = {{Erratum: Optical signatures of electron-phonon decoupling due to strong light-matter interactions (Physical Review B (2020) 102 (235303) DOI: 10.1103/PhysRevB.102.235303)}},
    year = {2021},
    journal = {Physical Review B},
    author = {Denning, E.V. and Bundgaard-Nielsen, M. and M{\o}rk, J.},
    number = {7},
    volume = {103},
    doi = {10.1103/PhysRevB.103.079903},
    issn = {24699969}
}

@article{Selig2016ExcitonicDichalcogenides,
    title = {{Excitonic linewidth and coherence lifetime in monolayer transition metal dichalcogenides}},
    year = {2016},
    journal = {Nature Communications},
    author = {Selig, Malte and Bergh{\"{a}}user, Gunnar and Raja, Archana and Nagler, Philipp and Sch{\"{u}}ller, Christian and Heinz, Tony F. and Korn, Tobias and Chernikov, Alexey and Malic, Ermin and Knorr, Andreas},
    month = {11},
    volume = {7},
    publisher = {Nature Publishing Group},
    doi = {10.1038/NCOMMS13279}
}

@article{Linke2017ExperimentalArchitectures,
    title = {{Experimental comparison of two quantum computing architectures}},
    year = {2017},
    journal = {Proceedings of the National Academy of Sciences of the United States of America},
    author = {Linke, Norbert M. and Maslov, Dmitri and Roetteler, Martin and Debnath, Shantanu and Figgatt, Caroline and Landsman, Kevin A. and Wright, Kenneth and Monroe, Christopher},
    number = {13},
    pages = {3305--3310},
    volume = {114},
    doi = {10.1073/pnas.1618020114},
    issn = {10916490},
    pmid = {28325879},
    arxivId = {1702.01852},
    keywords = {Quantum computing, Quantum computing architecture, Quantum information, Quantum information science, Quantum physics}
}

@article{Mckeever2003ExperimentalCoupling,
    title = {{Experimental realization of a one-atom laser in the regime of strong coupling}},
    year = {2003},
    journal = {Nature},
    author = {Mckeever, Josephmckeever and Boca, A and Boozer, A and Buck, J and Kimble, H},
    month = {8},
    pages = {268--271},
    volume = {425},
    doi = {10.1038/nature01974}
}

@article{Hu2018ExperimentalResonators,
    title = {{Experimental realization of deep-subwavelength confinement in dielectric optical resonators}},
    year = {2018},
    journal = {Science Advances},
    author = {Hu, Shuren and Khater, Marwan and Salas-Montiel, Rafael and Kratschmer, Ernst and Engelmann, Sebastian and Green, William M.J. and Weiss, Sharon M.},
    number = {8},
    month = {8},
    pages = {eaat2355},
    volume = {4},
    publisher = {American Association for the Advancement of Science},
    doi = {10.1126/SCIADV.AAT2355}
}

@article{Jrgensen2019ExploitingIntegrals,
    title = {{Exploiting the Causal Tensor Network Structure of Quantum Processes to Efficiently Simulate Non-Markovian Path Integrals}},
    year = {2019},
    journal = {Physical Review Letters},
    author = {J{\o}rgensen, Mathias R. and Pollock, Felix A.},
    number = {24},
    month = {12},
    volume = {123},
    publisher = {American Physical Society},
    doi = {10.1103/PhysRevLett.123.240602},
    issn = {10797114},
    pmid = {31922869},
    arxivId = {1902.00315}
}

@article{Xu2016FanoTransport,
    title = {{Fano interference in two-photon transport}},
    year = {2016},
    journal = {Physical Review A},
    author = {Xu, Shanshan and Fan, Shanhui},
    number = {4},
    month = {10},
    volume = {94},
    publisher = {American Physical Society},
    doi = {10.1103/PhysRevA.94.043826},
    issn = {24699934},
    arxivId = {1603.08595}
}

@article{Yu2014FanoSwitching,
    title = {{Fano resonance control in a photonic crystal structure and its application to ultrafast switching}},
    year = {2014},
    journal = {Applied Physics Letters},
    author = {Yu, Yi and Heuck, Mikkel and Hu, Hao and Xue, Weiqi and Peucheret, Christophe and Chen, Yaohui and Oxenl{\o}we, Leif Katsuo and Yvind, Kresten and M{\o}rk, Jesper},
    number = {6},
    month = {8},
    volume = {105},
    doi = {10.1063/1.4893451},
    issn = {00036951}
}

@article{Nakaji2020FasterEstimation,
    title = {{Faster amplitude estimation}},
    year = {2020},
    journal = {Quantum Information and Computation},
    author = {Nakaji, Kouhei},
    number = {13-14},
    pages = {1109--1122},
    volume = {20},
    doi = {10.26421/qic20.13-14-2},
    issn = {15337146},
    arxivId = {2003.02417},
    keywords = {Communicated by: R Cleve {\&} J Eisert}
}

@techreport{Korsgaard2021Few-PhotonThesis,
    title = {{Few-Photon Non-Linearities in Nanocavities with Extreme Confinement of Light - Bachelor thesis}},
    year = {2021},
    author = {Korsgaard, Mathias and Heuck, Mikkel and Kristensen, Philip Trøst and M{\o}rk, Jesper},
    institution = {Technical University of Denmark},
    address = {Lyngby}
}

@article{Trivedi2018Few-photonSystems,
    title = {{Few-photon scattering and emission from low-dimensional quantum systems}},
    year = {2018},
    journal = {Physical Review B},
    author = {Trivedi, Rahul and Fischer, Kevin and Xu, Shanshan and Fan, Shanhui and Vuckovic, Jelena},
    number = {14},
    month = {10},
    volume = {98},
    publisher = {American Physical Society},
    doi = {10.1103/PhysRevB.98.144112},
    issn = {24699969}
}

@article{Joanesarson2020Few-photonGeometries,
    title = {{Few-photon transport in Fano-resonance waveguide geometries}},
    year = {2020},
    journal = {Physical Review A},
    author = {Joanesarson, Kristoffer B. and Iles-Smith, Jake and Heuck, Mikkel and M{\o}rk, Jesper},
    number = {6},
    month = {6},
    volume = {101},
    publisher = {American Physical Society},
    doi = {10.1103/PhysRevA.101.063809},
    issn = {24699934},
    arxivId = {2001.05773}
}

@article{Alkauskas2014First-principlesCentres,
    title = {{First-principles theory of the luminescence lineshape for the triplet transition in diamond NV centres}},
    year = {2014},
    journal = {New Journal of Physics},
    author = {Alkauskas, Audrius and Buckley, Bob B. and Awschalom, David D. and Van De Walle, Chris G.},
    volume = {16},
    publisher = {Institute of Physics Publishing},
    doi = {10.1088/1367-2630/16/7/073026},
    keywords = {algorithm, density functional theory, diamond, electronphonon coupling, luminescence, nitrogen-vacancy centres, phonons}
}

@article{Kasprzak2008FormationRegimes,
    title = {{Formation of an exciton polariton condensate: Thermodynamic versus kinetic regimes}},
    year = {2008},
    journal = {Physical Review Letters},
    author = {Kasprzak, J. and Solnyshkov, D. D. and Andr{\'{e}}, R. and Dang, Le Si and Malpuech, G.},
    number = {14},
    month = {10},
    volume = {101},
    doi = {10.1103/PHYSREVLETT.101.146404}
}

@article{Koong2019FundamentalTransitions,
    title = {{Fundamental Limits to Coherent Photon Generation with Solid-State Atomlike Transitions}},
    year = {2019},
    journal = {Physical Review Letters},
    author = {Koong, Z. X. and Scerri, D. and Rambach, M. and Santana, T. S. and Park, S. I. and Song, J. D. and Gauger, E. M. and Gerardot, B. D.},
    number = {16},
    month = {10},
    volume = {123},
    publisher = {American Physical Society},
    doi = {10.1103/PHYSREVLETT.123.167402}
}

@article{Weedbrook2012GaussianInformation,
    title = {{Gaussian quantum information}},
    year = {2012},
    journal = {Reviews of Modern Physics},
    author = {Weedbrook, Christian and Pirandola, Stefano and Garc{\'{i}}a-Patr{\'{o}}n, Raúl and Cerf, Nicolas J. and Ralph, Timothy C. and Shapiro, Jeffrey H. and Lloyd, Seth},
    number = {2},
    month = {5},
    pages = {621--669},
    volume = {84},
    url = {https://link.aps.org/doi/10.1103/RevModPhys.84.621},
    doi = {10.1103/RevModPhys.84.621},
    issn = {0034-6861}
}

@article{Gough2015GeneratingFilters,
    title = {{Generating nonclassical quantum input field states with modulating filters}},
    year = {2015},
    journal = {EPJ Quantum Technology},
    author = {Gough, John E. and Zhang, Guofeng},
    number = {1},
    month = {12},
    volume = {2},
    publisher = {SpringerOpen},
    doi = {10.1140/epjqt/s40507-015-0027-z},
    issn = {21960763},
    keywords = {Measurement filtering, Nonclassical states, Quantum modulating filter}
}

@article{Jahnke2016GiantNanolasers,
    title = {{Giant photon bunching, superradiant pulse emission and excitation trapping in quantum-dot nanolasers}},
    year = {2016},
    journal = {Nature Communications},
    author = {Jahnke, Frank and Gies, Christopher and A{\ss}mann, Marc and Bayer, Manfred and Leymann, H. A.M. and Foerster, Alexander and Wiersig, Jan and Schneider, Christian and Kamp, Martin and H{\"{o}}fling, Sven},
    month = {5},
    volume = {7},
    publisher = {Nature Publishing Group},
    doi = {10.1038/ncomms11540},
    issn = {20411723}
}

@article{Gremse2015GPU-acceleratedMerging,
    title = {{GPU-accelerated sparse matrix-matrix multiplication by iterative row merging}},
    year = {2015},
    journal = {SIAM Journal on Scientific Computing},
    author = {Gremse, Felix and H{\"{o}}fter, Andreas and Schwen, Lars Ole and Kiessling, Fabian and Naumann, Uwe},
    number = {1},
    pages = {C54-C71},
    volume = {37},
    publisher = {Society for Industrial and Applied Mathematics Publications},
    doi = {10.1137/130948811},
    issn = {10957200},
    keywords = {Algebraic multigrid, Fluorescence-mediated tomography, Gpu programming, Sparse matrix-matrix multiplication}
}

@article{Zhuang2008GrowthDots,
    title = {{Growth optimization of self-organized InSb/InAs quantum dots}},
    year = {2008},
    journal = {Journal of Physics D: Applied Physics},
    author = {Zhuang, Q and Carrington, P J and Krier, A},
    number = {23},
    month = {11},
    pages = {232003},
    volume = {41},
    publisher = {IOP Publishing},
    url = {https://doi.org/10.1088%2F0022-3727%2F41%2F23%2F232003},
    doi = {10.1088/0022-3727/41/23/232003}
}

@article{Demartin2015HiggsQuarkattheLHC,
    title = {{Higgs production in association with a single top quark at the LHC}},
    year = {2015},
    journal = {European Physical Journal C},
    author = {Demartin, Federico and Maltoni, Fabio and Mawatari, Kentarou and Zaro, Marco},
    number = {6},
    pages = {212--219},
    volume = {75},
    isbn = {0897917855},
    doi = {10.1140/epjc/s10052-015-3475-9},
    issn = {14346052},
    arxivId = {1504.00611}
}

@article{Senellart2017High-performanceSources,
    title = {{High-performance semiconductor quantum-dot single-photon sources}},
    year = {2017},
    journal = {Nature Nanotechnology},
    author = {Senellart, Pascale and Solomon, Glenn and White, Andrew},
    number = {11},
    month = {11},
    pages = {1026--1039},
    volume = {12},
    publisher = {Nature Publishing Group},
    doi = {10.1038/NNANO.2017.218}
}

@article{Hornecker2017InfluenceFunctions,
    title = {{Influence of phonons on solid-state cavity-QED investigated using nonequilibrium Green's functions}},
    year = {2017},
    journal = {Phys. Rev. B},
    author = {Hornecker, Gaston and Auff{\`{e}}ves, Alexia and Grange, Thomas},
    number = {3},
    month = {1},
    pages = {35404},
    volume = {95},
    publisher = {American Physical Society},
    url = {https://link.aps.org/doi/10.1103/PhysRevB.95.035404},
    doi = {10.1103/PhysRevB.95.035404}
}

@article{Saleh1992InformationLight,
    title = {{Information Transmission with Photon-Number-Squeezed Light}},
    year = {1992},
    journal = {Proceedings of the IEEE},
    author = {Saleh, Bahaa E.A. and Teich, Malvin C.},
    number = {3},
    pages = {451--460},
    volume = {80},
    doi = {10.1109/5.135360},
    issn = {15582256}
}

@article{Gardiner1985InputEquation,
    title = {{Input and output in damped quantum systems: Quantum stochastic differential equations and the master equation}},
    year = {1985},
    journal = {Physical Review A},
    author = {Gardiner, C. W. and Collett, M. J.},
    number = {6},
    pages = {3761--3774},
    volume = {31},
    doi = {10.1103/PhysRevA.31.3761},
    issn = {10502947}
}

@article{Kiilerich2020Input-OutputPulses,
    title = {{Input-Output Theory with Quantum Pulses}},
    year = {2020},
    journal = {Physical Review Letters},
    author = {Kiilerich, Alexander Holm and M{\o}lmer, Klaus},
    number = {12},
    pages = {123604},
    volume = {123},
    publisher = {American Physical Society},
    url = {https://doi.org/10.1103/PhysRevLett.123.123604},
    doi = {10.1103/PhysRevLett.123.123604},
    issn = {1079-7114},
    keywords = {doi:10.1103/PhysRevLett.123.123604 url:https://doi}
}

@article{Kiilerich2019Input-OutputPulses,
    title = {{Input-Output Theory with Quantum Pulses}},
    year = {2019},
    journal = {Physical Review Letters},
    author = {Kiilerich, Alexander Holm and M{\o}lmer, Klaus},
    number = {12},
    month = {9},
    pages = {123604},
    volume = {123},
    publisher = {American Physical Society},
    url = {https://link.aps.org/doi/10.1103/PhysRevLett.123.123604},
    doi = {10.1103/PhysRevLett.123.123604},
    issn = {0031-9007}
}

@article{Glassl2012InteractionEffects,
    title = {{Interaction of a quantum-dot cavity system with acoustic phonons: Stronger light-matter coupling can reduce the visibility of strong coupling effects}},
    year = {2012},
    journal = {Phys. Rev. B},
    author = {Gl{\"{a}}ssl, M and S{\"{o}}rgel, L and Vagov, A and Croitoru, M D and Kuhn, T and Axt, V M},
    number = {3},
    month = {7},
    pages = {35319},
    volume = {86},
    publisher = {American Physical Society},
    url = {https://link.aps.org/doi/10.1103/PhysRevB.86.035319},
    doi = {10.1103/PhysRevB.86.035319}
}

@article{Christiansen2023InteractionsPerspective,
    title = {{Interactions of quantum systems with pulses of quantized radiation: From a cascaded master equation to a traveling mode perspective}},
    year = {2023},
    journal = {Physical Review A},
    author = {Christiansen, Victor Rueskov and Kiilerich, Alexander Holm and M{\o}lmer, Klaus},
    number = {1},
    month = {1},
    pages = {013706},
    volume = {107},
    publisher = {American Physical Society},
    url = {https://link.aps.org/doi/10.1103/PhysRevA.107.013706},
    doi = {10.1103/PhysRevA.107.013706},
    issn = {2469-9926}
}

@article{Lodahl2015InterfacingNanostructures,
    title = {{Interfacing single photons and single quantum dots with photonic nanostructures}},
    year = {2015},
    journal = {Rev. Mod. Phys.},
    author = {Lodahl, Peter and Mahmoodian, Sahand and Stobbe, Søren},
    number = {2},
    month = {5},
    pages = {347--400},
    volume = {87},
    publisher = {American Physical Society},
    url = {https://link.aps.org/doi/10.1103/RevModPhys.87.347},
    doi = {10.1103/RevModPhys.87.347}
}

@misc{Lodahl2015InterfacingNanostructuresb,
    title = {{Interfacing single photons and single quantum dots with photonic nanostructures}},
    year = {2015},
    booktitle = {Reviews of Modern Physics},
    author = {Lodahl, Peter and Mahmoodian, Sahand and Stobbe, Soren},
    number = {2},
    month = {5},
    pages = {347--400},
    volume = {87},
    publisher = {American Physical Society},
    doi = {10.1103/RevModPhys.87.347},
    issn = {15390756},
    arxivId = {1312.1079}
}

@article{Kato1996InterstitialLiterature,
    title = {{Interstitial deletion of the short arm of chromosome 10: Report of a case and review of the literature}},
    year = {1996},
    journal = {Japanese Journal of Human Genetics},
    author = {Kato, Zenichiro and Kato, Tomomi and Kondo, Naomi and Orii, Tadao},
    number = {3},
    pages = {333--338},
    volume = {41},
    doi = {10.1007/BF01913177},
    issn = {09168478},
    pmid = {8996970},
    keywords = {chromosome 10, growth retardation, hypergammaglobulinemia, short arm deletion, valproic acid}
}

@book{Gerry2004IntroductoryOptics,
    title = {{Introductory Quantum Optics}},
    year = {2004},
    author = {Gerry, Christopher and Knight, Peter},
    publisher = {Cambridge University Press},
    doi = {10.1017/CBO9780511791239}
}

@article{Grinko2021IterativeEstimation,
    title = {{Iterative quantum amplitude estimation}},
    year = {2021},
    journal = {npj Quantum Information},
    author = {Grinko, Dmitry and Gacon, Julien and Zoufal, Christa and Woerner, Stefan},
    number = {1},
    pages = {1--6},
    volume = {7},
    publisher = {Springer US},
    url = {http://dx.doi.org/10.1038/s41534-021-00379-1},
    doi = {10.1038/s41534-021-00379-1},
    issn = {20566387},
    arxivId = {1912.05559}
}

@article{Wilson-Rae2004LaserState,
    title = {{Laser Cooling of a Nanomechanical Resonator Mode to its Quantum Ground State}},
    year = {2004},
    journal = {Physical Review Letters},
    author = {Wilson-Rae, I. and Zoller, P. and Imamoḡlu, A.},
    number = {7},
    month = {2},
    pages = {075507},
    volume = {92},
    publisher = {American Physical Society},
    url = {https://journals.aps.org/prl/abstract/10.1103/PhysRevLett.92.075507},
    doi = {10.1103/PhysRevLett.92.075507}
}

@article{Nomura2009LaserSystem,
    title = {{Laser oscillation in a strongly coupled single quantum dot-nanocavity system}},
    year = {2009},
    author = {Nomura, M. and Kumagai, N. and Iwamoto, S. and Ota, Y. and Arakawa, Y.},
    month = {5},
    url = {http://arxiv.org/abs/0905.3063 http://dx.doi.org/10.1038/nphys1518},
    doi = {10.1038/nphys1518},
    arxivId = {0905.3063}
}

@article{Nomura2010LaserSystem,
    title = {{Laser oscillation in a strongly coupled single-quantum-dot-nanocavity system}},
    year = {2010},
    journal = {Nature Physics},
    author = {Nomura, M. and Kumagai, N. and Iwamoto, S. and Ota, Y. and Arakawa, Y.},
    number = {4},
    pages = {279--283},
    volume = {6},
    publisher = {Nature Publishing Group},
    doi = {10.1038/nphys1518},
    issn = {17452481},
    arxivId = {0905.3063}
}

@article{Nomura2010LaserSystemb,
    title = {{Laser oscillation in a strongly coupled single-quantum-dot-nanocavity system}},
    year = {2010},
    journal = {Nature Physics},
    author = {Nomura, M and Kumagai, N and Iwamoto, S and Ota, Y and Arakawa, Y},
    number = {4},
    month = {2},
    pages = {279--283},
    volume = {6},
    publisher = {Springer Science and Business Media LLC},
    url = {http://dx.doi.org/10.1038/nphys1518},
    doi = {10.1038/nphys1518},
    issn = {1745-2481}
}

@article{Nomura2010LaserSystemc,
    title = {{Laser oscillation in a strongly coupled single-quantum-dot-nanocavity system}},
    year = {2010},
    journal = {Nature Physics},
    author = {Nomura, M. and Kumagai, N. and Iwamoto, S. and Ota, Y. and Arakawa, Y.},
    number = {4},
    pages = {279--283},
    volume = {6},
    doi = {10.1038/nphys1518},
    issn = {17452481},
    arxivId = {0905.3063}
}

@article{Gartner2016LaserCavity,
    title = {{Laser transition in the thermodynamic limit for identical emitters in a cavity}},
    year = {2016},
    journal = {Physical Review A},
    author = {Gartner, P. and Halati, C. M.},
    number = {1},
    pages = {1--14},
    volume = {93},
    doi = {10.1103/PhysRevA.93.013817},
    issn = {24699934}
}

@article{vanDruten2000LaserFluctuations,
    title = {{Laser with thresholdless intensity fluctuations}},
    year = {2000},
    journal = {Physical Review A},
    author = {van Druten, N. J. and Lien, Y. and Serrat, C. and Oemrawsingh, S. S. R. and van Exter, M. P. and Woerdman, J. P.},
    number = {5},
    month = {10},
    pages = {053808},
    volume = {62},
    url = {https://link.aps.org/doi/10.1103/PhysRevA.62.053808},
    doi = {10.1103/PhysRevA.62.053808},
    issn = {1050-2947},
    keywords = {0570Fh, 4255Sa, numbers: 4250Lc}
}

@article{Marte1989LasersPump,
    title = {{Lasers with sub-Poissonian pump}},
    year = {1989},
    journal = {Physical Review A},
    author = {Marte, M. A. M. and Zoller, P.},
    number = {10},
    pages = {5774--5782},
    volume = {40},
    doi = {10.1103/PhysRevA.40.5774},
    issn = {10502947}
}

@article{Parvin2021LasingLaser,
    title = {{Lasing and nonlasing regimes in a two-level laser}},
    year = {2021},
    journal = {European Physical Journal Plus},
    author = {Parvin, Babak},
    number = {7},
    volume = {136},
    publisher = {Springer Berlin Heidelberg},
    url = {https://doi.org/10.1140/epjp/s13360-021-01720-5},
    isbn = {0123456789},
    doi = {10.1140/epjp/s13360-021-01720-5},
    issn = {21905444}
}

@article{Takemura2019LasingLasers,
    title = {{Lasing thresholds and photon statistics in high- <math> <mi>{$\beta$}</mi> </math> buried multiple quantum well photonic crystal nanocavity lasers}},
    year = {2019},
    journal = {Physical Review A},
    author = {Takemura, N. and Takiguchi, M. and Kuramochi, E. and Shinya, A. and Sato, T. and Takeda, K. and Matsuo, S. and Notomi, M.},
    number = {5},
    month = {5},
    pages = {053820},
    volume = {99},
    publisher = {American Physical Society},
    url = {https://link.aps.org/doi/10.1103/PhysRevA.99.053820},
    doi = {10.1103/PhysRevA.99.053820},
    issn = {2469-9926}
}

@misc{Pednault2019LeveragingCircuits,
    title = {{Leveraging Secondary Storage to Simulate Deep 54-qubit Sycamore Circuits}},
    year = {2019},
    author = {Pednault, Edwin and Gunnels, John A and Nannicini, Giacomo and Horesh, Lior and Wisnieff, Robert},
    arxivId = {1910.09534}
}

@article{Wiseman1999LightLinewidth,
    title = {{Light amplification without stimulated emission: Beyond the standard quantum limit to the laser linewidth}},
    year = {1999},
    journal = {Physical Review A},
    author = {Wiseman, H. M.},
    number = {5},
    month = {11},
    pages = {4083},
    volume = {60},
    publisher = {American Physical Society},
    url = {https://journals.aps.org/pra/abstract/10.1103/PhysRevA.60.4083},
    doi = {10.1103/PhysRevA.60.4083}
}

@article{Brash2019LightPicture,
    title = {{Light Scattering from Solid-State Quantum Emitters: Beyond the Atomic Picture}},
    year = {2019},
    journal = {Physical Review Letters},
    author = {Brash, Alistair J. and Iles-Smith, Jake and Phillips, Catherine L. and McCutcheon, Dara P.S. and O'Hara, John and Clarke, Edmund and Royall, Benjamin and Wilson, Luke R. and M{\o}rk, Jesper and Skolnick, Maurice S. and Fox, A. Mark and Nazir, Ahsan},
    number = {16},
    month = {10},
    volume = {123},
    publisher = {American Physical Society},
    doi = {10.1103/PhysRevLett.123.167403},
    issn = {10797114},
    pmid = {31702333},
    arxivId = {1904.05284}
}

@article{Krutyanskiy2019Light-matterFibre,
    title = {{Light-matter entanglement over 50 km of optical fibre}},
    year = {2019},
    journal = {npj Quantum Information},
    author = {Krutyanskiy, V. and Meraner, M. and Schupp, J. and Krcmarsky, V. and Hainzer, H. and Lanyon, B. P.},
    number = {1},
    month = {12},
    volume = {5},
    publisher = {Nature Partner Journals},
    doi = {10.1038/s41534-019-0186-3},
    issn = {20566387},
    arxivId = {1901.06317}
}

@article{Iles-Smith2017LimitsEmitters,
    title = {{Limits to coherent scattering and photon coalescence from solid-state quantum emitters}},
    year = {2017},
    journal = {Physical Review B},
    author = {Iles-Smith, Jake and McCutcheon, Dara P.S. and M{\o}rk, Jesper and Nazir, Ahsan},
    number = {20},
    month = {5},
    volume = {95},
    publisher = {American Physical Society},
    doi = {10.1103/PhysRevB.95.201305},
    issn = {24699969},
    arxivId = {1606.06305}
}

@article{Kok2007LinearQubits,
    title = {{Linear optical quantum computing with photonic qubits}},
    year = {2007},
    journal = {Reviews of Modern Physics},
    author = {Kok, Pieter and Munro, W. J. and Nemoto, Kae and Ralph, T. C. and Dowling, Jonathan P. and Milburn, G. J.},
    number = {1},
    pages = {135--174},
    volume = {79},
    doi = {10.1103/RevModPhys.79.135},
    issn = {00346861}
}

@article{Predescu2002LocalPrinciple,
    title = {{Local variational principle}},
    year = {2002},
    journal = {Physical Review E - Statistical Physics, Plasmas, Fluids, and Related Interdisciplinary Topics},
    author = {Predescu, Cristian},
    number = {6},
    month = {12},
    pages = {19},
    volume = {66},
    doi = {10.1103/PhysRevE.66.066133},
    issn = {1063651X},
    pmid = {12513373},
    arxivId = {cond-mat/0209151}
}

@article{Takemura2021Low-Analogy,
    title = {{Low- and high-{$\beta$} lasers in the class-A limit: photon statistics, linewidth, and the laser-phase transition analogy}},
    year = {2021},
    journal = {Journal of the Optical Society of America B},
    author = {Takemura, Naotomo and Takiguchi, Masato and Notomi, Masaya},
    number = {3},
    pages = {699},
    volume = {38},
    doi = {10.1364/josab.413919},
    issn = {0740-3224},
    arxivId = {1904.01743}
}

@article{Notomi2010ManipulatingCrystals,
    title = {{Manipulating light with strongly modulated photonic crystals}},
    year = {2010},
    journal = {Reports on Progress in Physics},
    author = {Notomi, Masaya},
    number = {9},
    month = {9},
    pages = {096501},
    volume = {73},
    doi = {10.1088/0034-4885/73/9/096501},
    issn = {00344885}
}

@incollection{Mahan2000Many-ParticlePhysics,
    title = {{Many-Particle Physics}},
    year = {2000},
    author = {Mahan, Gerald},
    pages = {218--220},
    publisher = {Springer Science+Business Media},
    isbn = {978-1-4419-3339-3},
    doi = {10.1007/978-1-4757-5714-9{\_}5}
}

@techreport{Swain1981MasterTheorem,
    title = {{Master equation derivation of quantum regression theorem}},
    year = {1981},
    booktitle = {J. Phys. A: Math. Gen},
    author = {Swain, S},
    pages = {2577--2580},
    volume = {14}
}

@article{Gross2022MasterPackets,
    title = {{Master equations and quantum trajectories for squeezed wave packets}},
    year = {2022},
    journal = {Physical Review A},
    author = {Gross, Jonathan A. and Baragiola, Ben Q. and Stace, T. M. and Combes, Joshua},
    number = {2},
    month = {2},
    pages = {023721},
    volume = {105},
    publisher = {American Physical Society},
    url = {https://link.aps.org/doi/10.1103/PhysRevA.105.023721},
    doi = {10.1103/PhysRevA.105.023721},
    issn = {2469-9926}
}

@book{Arfken2005MathematicalPhysicists,
    title = {{Mathematical Methods for Physicists}},
    year = {2005},
    author = {Arfken, George B. and Weber, Hans J.},
    edition = {6},
    month = {10},
    pages = {},
    volume = {6},
    publisher = {Elsevier},
    url = {https://linkinghub.elsevier.com/retrieve/pii/C20090306297},
    isbn = {9780123846549},
    doi = {10.1016/C2009-0-30629-7}
}

@article{Wang2018MaximizingCavities,
    title = {{Maximizing the quality factor to mode volume ratio for ultra-small photonic crystal cavities}},
    year = {2018},
    journal = {Applied Physics Letters},
    author = {Wang, Fengwen and Christiansen, Rasmus Ellebæk and Yu, Yi and M{\o}rk, Jesper and Sigmund, Ole},
    number = {24},
    month = {12},
    pages = {241101},
    volume = {113},
    publisher = {American Institute of Physics Inc.},
    doi = {10.1063/1.5064468},
    issn = {00036951},
    arxivId = {1810.02417}
}

@article{Wang2020MicropillarIndistinguishability,
    title = {{Micropillar single-photon source design for simultaneous near-unity efficiency and indistinguishability}},
    year = {2020},
    journal = {Physical Review B},
    author = {Wang, Bi Ying and Denning, Emil V. and G{\"{u}}r, Uǧur Meriç and Lu, Chao Yang and Gregersen, Niels},
    number = {12},
    month = {9},
    volume = {102},
    publisher = {American Physical Society},
    doi = {10.1103/PhysRevB.102.125301},
    issn = {24699969}
}

@article{Kaer2013MicroscopicDecoherence,
    title = {{Microscopic theory of indistinguishable single-photon emission from a quantum dot coupled to a cavity: The role of non-Markovian phonon-induced decoherence}},
    year = {2013},
    journal = {Physical Review B - Condensed Matter and Materials Physics},
    author = {Kaer, P. and Lodahl, P. and Jauho, A. P. and Mork, J.},
    number = {8},
    month = {2},
    volume = {87},
    doi = {10.1103/PhysRevB.87.081308},
    issn = {10980121},
    arxivId = {1203.6268}
}

@article{Mazza2013MicroscopicScattering,
    title = {{Microscopic theory of polariton lasing via vibronically assisted scattering}},
    year = {2013},
    journal = {Physical Review B - Condensed Matter and Materials Physics},
    author = {Mazza, L. and K{\'{e}}na-Cohen, S. and Michetti, P. and La Rocca, G. C.},
    number = {7},
    month = {8},
    volume = {88},
    doi = {10.1103/PhysRevB.88.075321},
    issn = {10980121}
}

@article{Saldutti2021ModalLasers,
    title = {{Modal properties of photonic crystal cavities and applications to lasers}},
    year = {2021},
    journal = {Nanomaterials},
    author = {Saldutti, Marco and Xiong, Meng and Dimopoulos, Evangelos and Yu, Yi and Gioannini, Mariangela and M{\o}rk, Jesper},
    number = {11},
    month = {11},
    pages = {3030},
    volume = {11},
    publisher = {MDPI},
    doi = {10.3390/nano11113030},
    issn = {20794991},
    keywords = {Bloch modes, Extreme dielectric confinement, Fano laser, Light–matter interaction, Line-defect cavities, Microlaser, Nanolaser, Photonic crystal(s)}
}

@article{ArranzRegidor2021ModelingModel,
    title = {{Modeling quantum light-matter interactions in waveguide QED with retardation, nonlinear interactions, and a time-delayed feedback: Matrix product states versus a space-discretized waveguide model}},
    year = {2021},
    journal = {Physical Review Research},
    author = {Arranz Regidor, Sofia and Crowder, Gavin and Carmichael, Howard and Hughes, Stephen},
    number = {2},
    month = {4},
    pages = {023030},
    volume = {3},
    publisher = {American Physical Society},
    url = {https://link.aps.org/doi/10.1103/PhysRevResearch.3.023030},
    doi = {10.1103/PhysRevResearch.3.023030},
    issn = {2643-1564}
}

@misc{Nazir2016ModellingDots,
    title = {{Modelling exciton-phonon interactions in optically driven quantum dots}},
    year = {2016},
    booktitle = {Journal of Physics Condensed Matter},
    author = {Nazir, Ahsan and McCutcheon, Dara P.S.},
    number = {10},
    month = {2},
    volume = {28},
    publisher = {Institute of Physics Publishing},
    doi = {10.1088/0953-8984/28/10/103002},
    issn = {1361648X},
    arxivId = {1511.01405},
    keywords = {exciton-phonon interactions, open quantum systems, quantum dots}
}

@article{Mlmer1993MonteOptics,
    title = {{Monte Carlo wave-function method in quantum optics}},
    year = {1993},
    journal = {Journal of the Optical Society of America B},
    author = {M{\o}lmer, Klaus and Castin, Yvan and Dalibard, Jean},
    number = {3},
    pages = {524},
    volume = {10},
    doi = {10.1364/josab.10.000524},
    issn = {0740-3224}
}

@article{Alonso2005Multiple-timeTheorem,
    title = {{Multiple-time correlation functions for non-markovian interaction: Beyond the quantum regression theorem}},
    year = {2005},
    journal = {Physical Review Letters},
    author = {Alonso, Daniel and De Vega, Inés},
    number = {20},
    month = {5},
    volume = {94},
    publisher = {American Physical Society},
    doi = {10.1103/PhysRevLett.94.200403},
    issn = {10797114},
    arxivId = {quant-ph/0409098}
}

@article{Baragiola2012N-PhotonSystem,
    title = {{N-Photon wave packets interacting with an arbitrary quantum system}},
    year = {2012},
    journal = {Physical Review A},
    author = {Baragiola, Ben Q. and Cook, Robert L. and Branczyk, Agata M. and Combes, Joshua},
    number = {1},
    month = {2},
    pages = {013811},
    volume = {86},
    url = {http://arxiv.org/abs/1202.3430 http://dx.doi.org/10.1103/PhysRevA.86.013811},
    doi = {10.1103/PhysRevA.86.013811},
    arxivId = {1202.3430}
}

@article{Albrechtsen2022Nanometer-scaleCavities,
    title = {{Nanometer-scale photon confinement in topology-optimized dielectric cavities}},
    year = {2022},
    journal = {Nature Communications},
    author = {Albrechtsen, Marcus and Vosoughi Lahijani, Babak and Christiansen, Rasmus Ellebæk and Nguyen, Vy Thi Hoang and Casses, Laura Nevenka and Hansen, Søren Engelberth and Stenger, Nicolas and Sigmund, Ole and Jansen, Henri and M{\o}rk, Jesper and Stobbe, Søren},
    number = {1},
    month = {12},
    pages = { 6281},
    volume = {13},
    publisher = {Nature Research},
    doi = {10.1038/s41467-022-33874-w},
    issn = {20411723},
    pmid = {36271087},
    arxivId = {2108.01681}
}

@article{Somaschi2016Near-optimalState,
    title = {{Near-optimal single-photon sources in the solid state}},
    year = {2016},
    journal = {Nature Photonics},
    author = {Somaschi, N. and Giesz, V. and De Santis, L. and Loredo, J. C. and Almeida, M. P. and Hornecker, G. and Portalupi, S. L. and Grange, T. and Ant{\'{o}}n, C. and Demory, J. and G{\'{o}}mez, C. and Sagnes, I. and Lanzillotti-Kimura, N. D. and Lema{\'{i}}tre, A. and Auffeves, A. and White, A. G. and Lanco, L. and Senellart, P.},
    number = {5},
    month = {5},
    pages = {340--345},
    volume = {10},
    publisher = {Nature Publishing Group},
    doi = {10.1038/nphoton.2016.23},
    issn = {17494893},
    arxivId = {1510.06499}
}

@article{Haug1968NoiseLasers,
    title = {{Noise in Semiconductor Lasers}},
    year = {1968},
    journal = {IEEE Journal of Quantum Electronics},
    author = {Haug, Hartmut},
    number = {4},
    pages = {168},
    volume = {4},
    doi = {10.1109/JQE.1968.1075044},
    issn = {15581713}
}

@article{Kaer2010Non-markovianSystem,
    title = {{Non-markovian model of photon-assisted dephasing by electron-phonon interactions in a coupled quantum-dot-cavity system}},
    year = {2010},
    journal = {Physical Review Letters},
    author = {Kaer, P. and Nielsen, T. R. and Lodahl, P. and Jauho, A. P. and M{\o}rk, J.},
    number = {15},
    month = {4},
    volume = {104},
    doi = {10.1103/PhysRevLett.104.157401},
    issn = {00319007}
}

@article{Bundgaard-Nielsen2021Non-MarkovianElectrodynamics,
    title = {{Non-Markovian perturbation theories for phonon effects in strong-coupling cavity quantum electrodynamics}},
    year = {2021},
    journal = {Physical Review B},
    author = {Bundgaard-Nielsen, Matias and M{\o}rk, Jesper and Denning, Emil Vosmar},
    number = {23},
    pages = {235309},
    volume = {103},
    doi = {10.1103/PhysRevB.103.235309},
    issn = {24699969},
    arxivId = {2103.14327}
}

@techreport{lu1996NonequilibriumLasers,
    title = {{Nonequilibrium condensates and lasers without inversion: Exciton-polariton lasers}},
    year = {1996},
    author = {¯lu, A Imamog and Ram, R J and Pau, S and Yamamoto, Y},
    keywords = {0365Bz, 4250Lc, 7135y, numbers: 0375Fi}
}

@article{Boissonneault2008NonlinearModel,
    title = {{Nonlinear dispersive regime of cavity QED: The dressed dephasing model}},
    year = {2008},
    journal = {Physical Review A - Atomic, Molecular, and Optical Physics},
    author = {Boissonneault, Maxime and Gambetta, J. M. and Blais, Alexandre},
    number = {6},
    month = {6},
    volume = {77},
    doi = {10.1103/PhysRevA.77.060305},
    issn = {10502947},
    arxivId = {0803.0311}
}

@article{Yan2020NonlinearNetworks,
    title = {{Nonlinear quantum neuron: A fundamental building block for quantum neural networks}},
    year = {2020},
    journal = {Physical Review A},
    author = {Yan, Shilu and Qi, Hongsheng and Cui, Wei},
    number = {5},
    pages = {1--9},
    volume = {102},
    doi = {10.1103/PhysRevA.102.052421},
    issn = {24699934},
    arxivId = {2011.03429}
}

@techreport{DenningNormal-orderedDetection,
    title = {{Normal-ordered theory of optical hetero-and homodyne detection}},
    author = {Denning, Emil V}
}

@unpublished{Mork2020Note:Cavities,
    title = {{Note: Simple theory for the linewidth of lasers with composite cavities}},
    year = {2020},
    author = {Mork, Jesper}
}

@article{Abbott2016ObservationMerger,
    title = {{Observation of gravitational waves from a binary black hole merger}},
    year = {2016},
    journal = {Physical Review Letters},
    author = {Abbott, B. P. and {et. al.}},
    number = {6},
    month = {2},
    pages = {061102},
    volume = {116},
    publisher = {American Physical Society},
    doi = {10.1103/PhysRevLett.116.061102},
    issn = {10797114},
    pmid = {26918975},
    arxivId = {1602.03837}
}

@article{Vahlbruch2008ObservationReduction,
    title = {{Observation of squeezed light with 10-dB quantum-noise reduction}},
    year = {2008},
    journal = {Physical Review Letters},
    author = {Vahlbruch, Henning and Mehmet, Moritz and Chelkowski, Simon and Hage, Boris and Franzen, Alexander and Lastzka, Nico and Go{\ss}ler, Stefan and Danzmann, Karsten and Schnabel, Roman},
    number = {3},
    month = {1},
    volume = {100},
    doi = {10.1103/PhysRevLett.100.033602},
    issn = {00319007},
    arxivId = {0706.1431}
}

@article{Fu2009ObservationDiamond,
    title = {{Observation of the dynamic Jahn-Teller effect in the excited states of nitrogen-vacancy centers in diamond}},
    year = {2009},
    journal = {Physical Review Letters},
    author = {Fu, Kai Mei C. and Santori, Charles and Barclay, Paul E. and Rogers, Lachlan J. and Manson, Neil B. and Beausoleil, Raymond G.},
    number = {25},
    month = {12},
    volume = {103},
    doi = {10.1103/PhysRevLett.103.256404},
    issn = {00319007},
    pmid = {20366270},
    arxivId = {0910.0494}
}

@article{Andre2019OnNano-LEDs,
    title = {{On collective Rabi splitting in nanolasers and nano-LEDs}},
    year = {2019},
    journal = {Optics Letters},
    author = {Andr{\'{e}}, Emil C. and Protsenko, Igor E. and Uskov, Alexander V. and M{\o}rk, Jesper and Wubs, Martijn},
    number = {6},
    month = {3},
    pages = {1415},
    volume = {44},
    publisher = {The Optical Society},
    doi = {10.1364/ol.44.001415},
    issn = {0146-9592},
    pmid = {30874664},
    arxivId = {1810.06098}
}

@techreport{LowdinOnInequalities,
    title = {{On Some Thermodynamical Inequalities}},
    author = {Lowdin, Per-Olov}
}

@article{Lindblad1976OnSemigroups,
    title = {{On the generators of quantum dynamical semigroups}},
    year = {1976},
    journal = {Communications in Mathematical Physics},
    author = {Lindblad, G.},
    number = {2},
    month = {6},
    pages = {119--130},
    volume = {48},
    publisher = {Springer-Verlag},
    doi = {10.1007/BF01608499}
}

@article{Chow2013OnOptics,
    title = {{On the physics of semiconductor quantum dots for applications in lasers and quantum optics}},
    year = {2013},
    journal = {Progress in Quantum Electronics},
    author = {Chow, Weng W. and Jahnke, Frank},
    number = {3},
    pages = {109--184},
    volume = {37},
    doi = {10.1016/j.pquantelec.2013.04.001},
    issn = {00796727},
    keywords = {Quantum dots, Quantum optics, Semiconductor lasers}
}

@article{Trotter1959OnOperators,
    title = {{On the product of semi-groups of operators}},
    year = {1959},
    journal = {Proceedings of the American Mathematical Society},
    author = {Trotter, H. F.},
    number = {4},
    month = {4},
    pages = {545--545},
    volume = {10},
    publisher = {American Mathematical Society (AMS)},
    doi = {10.1090/S0002-9939-1959-0108732-6}
}

@article{He2013On-demandIndistinguishability,
    title = {{On-demand semiconductor single-photon source with near-unity indistinguishability}},
    year = {2013},
    journal = {Nature Nanotechnology},
    author = {He, Yu Ming and He, Yu and Wei, Yu Jia and Wu, Dian and Atat{\"{u}}re, Mete and Schneider, Christian and H{\"{o}}fling, Sven and Kamp, Martin and Lu, Chao Yang and Pan, Jian Wei},
    number = {3},
    pages = {213--217},
    volume = {8},
    publisher = {Nature Publishing Group},
    doi = {10.1038/nnano.2012.262},
    issn = {17483395},
    pmid = {23377455},
    arxivId = {1303.4058}
}

@article{stfeldt2022On-DemandWaveguide,
    title = {{On-Demand Source of Dual-Rail Photon Pairs Based on Chiral Interaction in a Nanophotonic Waveguide}},
    year = {2022},
    journal = {PRX Quantum},
    author = {{\O}stfeldt, Freja T. and Gonz{\'{a}}lez-Ruiz, Eva M. and Hauff, Nils and Wang, Ying and Wieck, Andreas D. and Ludwig, Arne and Schott, Rüdiger and Midolo, Leonardo and S{\o}rensen, Anders S. and Uppu, Ravitej and Lodahl, Peter},
    number = {2},
    month = {6},
    volume = {3},
    publisher = {American Physical Society},
    doi = {10.1103/PRXQuantum.3.020363},
    issn = {26913399},
    arxivId = {2109.03519}
}

@techreport{MuOne-atomLasers,
    title = {{One-atom lasers}},
    booktitle = {PHYSICAL REVIEW A},
    author = {Mu, Yi and Savage, C M},
    number = {9},
    volume = {46}
}

@article{Mu1992One-atomLasers,
    title = {{One-atom lasers}},
    year = {1992},
    journal = {Physical Review A},
    author = {Mu, Yi and Savage, C. M.},
    number = {9},
    month = {11},
    pages = {5944--5954},
    volume = {46},
    publisher = {American Physical Society},
    url = {https://link.aps.org/doi/10.1103/PhysRevA.46.5944},
    doi = {10.1103/PhysRevA.46.5944},
    issn = {10502947}
}

@techreport{Mccutcheon2010OpenRegimes,
    title = {{Open quantum systems in spatially correlated regimes}},
    year = {2010},
    author = {Mccutcheon, Dara P S}
}

@article{Shammah2018OpenInvariance,
    title = {{Open quantum systems with local and collective incoherent processes: Efficient numerical simulations using permutational invariance}},
    year = {2018},
    journal = {Physical Review A},
    author = {Shammah, Nathan and Ahmed, Shahnawaz and Lambert, Neill and De Liberato, Simone and Nori, Franco},
    number = {6},
    month = {12},
    volume = {98},
    publisher = {American Physical Society},
    doi = {10.1103/PhysRevA.98.063815},
    issn = {24699934},
    arxivId = {1805.05129}
}

@article{Pollock2018OperationalProcesses,
    title = {{Operational Markov Condition for Quantum Processes}},
    year = {2018},
    journal = {Physical Review Letters},
    author = {Pollock, Felix A. and Rodr{\'{i}}guez-Rosario, César and Frauenheim, Thomas and Paternostro, Mauro and Modi, Kavan},
    number = {4},
    month = {1},
    volume = {120},
    publisher = {American Physical Society},
    doi = {10.1103/PhysRevLett.120.040405},
    issn = {10797114},
    pmid = {29437441},
    arxivId = {1801.09811}
}

@incollection{Lahiri2016OpticalCoherence,
    title = {{Optical Coherence}},
    year = {2016},
    booktitle = {Basic Optics},
    author = {Lahiri, Avijit},
    pages = {605--696},
    publisher = {Elsevier},
    doi = {10.1016/b978-0-12-805357-7.00007-1}
}

@article{J.Shapiro1979OpticalPerformance,
    title = {{Optical Communication with Two-Photon Coherent States—Part II: Photoemissive Detection and Structured Receiver Performance}},
    year = {1979},
    journal = {IEEE Transactions on Information Theory},
    author = {{J.Shapiro} and {H. Yuen} and {A. Mata}},
    number = {2},
    pages = {179--192},
    volume = {25},
    doi = {10.1109/TIT.1979.1056033},
    issn = {15579654}
}

@article{OBrien2007OpticalComputing,
    title = {{Optical Quantum Computing}},
    year = {2007},
    journal = {Science},
    author = {OBrien, Jeremy L},
    number = {5856},
    pages = {1567--1570},
    volume = {318},
    publisher = {American Association for the Advancement of Science},
    url = {https://science.sciencemag.org/content/318/5856/1567},
    doi = {10.1126/science.1142892}
}

@article{Denning2020OpticalInteractions,
    title = {{Optical signatures of electron-phonon decoupling due to strong light-matter interactions}},
    year = {2020},
    journal = {Physical Review B},
    author = {Denning, Emil V. and Bundgaard-Nielsen, Matias and M{\o}rk, Jesper},
    number = {23},
    pages = {235303},
    volume = {102},
    doi = {10.1103/PhysRevB.102.235303},
    issn = {24699969}
}

@article{McCutcheon2016OpticalSystems,
    title = {{Optical signatures of non-Markovian behavior in open quantum systems}},
    year = {2016},
    journal = {Physical Review A},
    author = {McCutcheon, Dara P.S.},
    number = {2},
    month = {2},
    volume = {93},
    publisher = {American Physical Society},
    doi = {10.1103/PhysRevA.93.022119},
    issn = {24699934},
    arxivId = {1504.05970}
}

@article{Kabuss2012OpticallyScheme,
    title = {{Optically driven quantum dots as source of coherent cavity phonons: A proposal for a phonon laser scheme}},
    year = {2012},
    journal = {Physical Review Letters},
    author = {Kabuss, Julia and Carmele, Alexander and Brandes, Tobias and Knorr, Andreas},
    number = {5},
    month = {7},
    volume = {109},
    doi = {10.1103/PhysRevLett.109.054301},
    issn = {00319007}
}

@article{Fiaschi2021OptomechanicalTeleportation,
    title = {{Optomechanical quantum teleportation}},
    year = {2021},
    journal = {Nature Photonics},
    author = {Fiaschi, Niccolò and Hensen, Bas and Wallucks, Andreas and Benevides, Rodrigo and Li, Jie and Alegre, Thiago P.Mayer and Gr{\"{o}}blacher, Simon},
    number = {11},
    month = {11},
    pages = {817--821},
    volume = {15},
    publisher = {Nature Research},
    doi = {10.1038/s41566-021-00866-z},
    issn = {17494893},
    arxivId = {2104.02080}
}

@techreport{CahillOrderedOperators,
    title = {{Ordered Expansions in Boson Amplitude Operators*}},
    booktitle = {Phys. Rev.},
    author = {Cahill, K K and Glauber, R J},
    volume = {177}
}

@article{Hajicek1981P,
    title = {{P . Hajicek / Quantum wormholes ( I ) S = - {\~{}} - {\~{}} : I A ,( x )}},
    year = {1981},
    journal = {Nuclear Physics B},
    author = {Hajicek, P},
    number = {15},
    pages = {254--268},
    volume = {185}
}

@article{Fischer2018ParticleSystems,
    title = {{Particle emission from open quantum systems}},
    year = {2018},
    journal = {Physical Review A},
    author = {Fischer, Kevin A. and Trivedi, Rahul and Lukin, Daniil},
    number = {2},
    month = {8},
    volume = {98},
    publisher = {American Physical Society},
    doi = {10.1103/PhysRevA.98.023853},
    issn = {24699934},
    arxivId = {1803.04648}
}

@article{Lund2023PerfectPulse,
    title = {{Perfect splitting of a two-photon pulse}},
    year = {2023},
    journal = {Physical Review A},
    author = {Lund, Mads M. and Yang, Fan and M{\o}lmer, Klaus},
    number = {2},
    month = {2},
    pages = {023715},
    volume = {107},
    url = {https://link.aps.org/doi/10.1103/PhysRevA.107.023715},
    doi = {10.1103/PhysRevA.107.023715},
    issn = {2469-9926}
}

@article{Tighineanu2018PhononDimensionality,
    title = {{Phonon Decoherence of Quantum Dots in Photonic Structures: Broadening of the Zero-Phonon Line and the Role of Dimensionality}},
    year = {2018},
    journal = {Physical Review Letters},
    author = {Tighineanu, P. and Dree{\ss}en, C. L. and Flindt, C. and Lodahl, P. and S{\o}rensen, A. S.},
    number = {25},
    month = {6},
    volume = {120},
    publisher = {American Physical Society},
    doi = {10.1103/PhysRevLett.120.257401},
    issn = {10797114},
    pmid = {29979077},
    arxivId = {1702.04812}
}

@article{Denning2020PhononSources,
    title = {{Phonon effects in quantum dot single-photon sources}},
    year = {2020},
    journal = {Optical Materials Express},
    author = {Denning, Emil V. and Iles-Smith, Jake and Gregersen, Niels and Mork, Jesper},
    number = {1},
    month = {1},
    pages = {222},
    volume = {10},
    publisher = {The Optical Society},
    doi = {10.1364/ome.380601},
    issn = {2159-3930}
}

@article{Iles-Smith2017PhononSources,
    title = {{Phonon scattering inhibits simultaneous near-unity efficiency and indistinguishability in semiconductor single-photon sources}},
    year = {2017},
    journal = {Nature Photonics 2017 11:8},
    author = {Iles-Smith, Jake and McCutcheon, Dara P. S. and Nazir, Ahsan and M{\o}rk, Jesper},
    number = {8},
    month = {7},
    pages = {521--526},
    volume = {11},
    publisher = {Nature Publishing Group},
    url = {https://www.nature.com/articles/nphoton.2017.101},
    doi = {10.1038/nphoton.2017.101},
    issn = {1749-4893},
    keywords = {Nanocavities, Photonic crystals, Quantum dots, Quantum information, Single photons and quantum effects}
}

@article{Forstner2003Phonon-assistedDots,
    title = {{Phonon-assisted damping of rabi oscillations in semiconductor quantum dots}},
    year = {2003},
    journal = {Physical Review Letters},
    author = {F{\"{o}}rstner, J. and Weber, C. and Danckwerts, J. and Knorr, A.},
    number = {12},
    volume = {91},
    doi = {10.1103/PhysRevLett.91.127401},
    issn = {10797114},
    pmid = {14525398}
}

@article{Duke1965Phonon-broadenedStates,
    title = {{Phonon-broadened impurity spectra. I. Density of states}},
    year = {1965},
    journal = {Physical Review},
    author = {Duke, C. B. and Mahan, G. D.},
    number = {6A},
    volume = {139},
    doi = {10.1103/PHYSREV.139.A1965}
}

@article{Roy2011Phonon-dressedEffects,
    title = {{Phonon-dressed mollow triplet in the regime of cavity quantum electrodynamics: Excitation-induced dephasing and nonperturbative cavity feeding effects}},
    year = {2011},
    journal = {Physical Review Letters},
    author = {Roy, C. and Hughes, S.},
    number = {24},
    month = {6},
    volume = {106},
    doi = {10.1103/PhysRevLett.106.247403},
    issn = {00319007}
}

@inproceedings{Ota2010Phonon-inducedSystem,
    title = {{Phonon-induced asymmetry in vacuum rabi doublet for coupled quantum dot-cavity system}},
    year = {2010},
    booktitle = {Lasers and Electro-Optics/Quantum Electronics and Laser Science Conference: 2010 Laser Science to Photonic Applications, CLEO/QELS 2010},
    author = {Ota, Yasutomo and Kumagai, Naoto and Ohkouchi, Shunsuke and Shirane, Masayuki and Nomura, Masahiro and Ishida, Satomi and Iwamoto, Satoshi and Yorozu, Shinichi and Arakawa, Yasuhiko},
    publisher = {Association for Computing Machinery},
    isbn = {9781557528902},
    doi = {10.1364/qels.2010.qthm2}
}

@article{Morreau2019Phonon-inducedQED,
    title = {{Phonon-induced dephasing in quantum-dot-cavity QED}},
    year = {2019},
    journal = {Physical Review B},
    author = {Morreau, A. and Muljarov, E. A.},
    number = {11},
    month = {9},
    volume = {100},
    publisher = {American Physical Society},
    doi = {10.1103/PhysRevB.100.115309},
    issn = {24699969},
    arxivId = {1807.10977}
}

@article{Ramsay2010Phonon-inducedDots,
    title = {{Phonon-induced Rabi-frequency renormalization of optically driven single InGaAs/GaAs quantum dots}},
    year = {2010},
    journal = {Physical Review Letters},
    author = {Ramsay, A. J. and Godden, T. M. and Boyle, S. J. and Gauger, E. M. and Nazir, A. and Lovett, B. W. and Fox, A. M. and Skolnick, M. S.},
    number = {17},
    month = {10},
    volume = {105},
    doi = {10.1103/PhysRevLett.105.177402},
    issn = {00319007},
    arxivId = {1005.1580}
}

@article{Witthaut2012PhotonEmitters,
    title = {{Photon sorters and QND detectors using single photon emitters}},
    year = {2012},
    journal = {EPL (Europhysics Letters)},
    author = {Witthaut, D. and Lukin, M. D. and S{\o}rensen, A. S.},
    number = {5},
    month = {3},
    pages = {50007},
    volume = {97},
    url = {https://iopscience.iop.org/article/10.1209/0295-5075/97/50007},
    doi = {10.1209/0295-5075/97/50007},
    issn = {0295-5075}
}

@article{Rice1994PhotonAnalogy,
    title = {{Photon statistics of a cavity-QED laser: A comment on the laser phase-transition analogy}},
    year = {1994},
    journal = {Physical Review A},
    author = {Rice, Perry R. and Carmichael, H. J.},
    number = {5},
    pages = {4318--4329},
    volume = {50},
    doi = {10.1103/PhysRevA.50.4318},
    issn = {10502947}
}

@article{Heuck2020Photon-photonCavities,
    title = {{Photon-photon interactions in dynamically coupled cavities}},
    year = {2020},
    journal = {Physical Review A},
    author = {Heuck, Mikkel and Jacobs, Kurt and Englund, Dirk R.},
    number = {4},
    month = {4},
    volume = {101},
    publisher = {American Physical Society},
    doi = {10.1103/PhysRevA.101.042322},
    issn = {24699934},
    arxivId = {1905.02134}
}

@article{Pichler2016PhotonicFeedback,
    title = {{Photonic Circuits with Time Delays and Quantum Feedback}},
    year = {2016},
    journal = {Physical Review Letters},
    author = {Pichler, Hannes and Zoller, Peter},
    number = {9},
    month = {3},
    volume = {116},
    publisher = {American Physical Society},
    doi = {10.1103/PhysRevLett.116.093601},
    issn = {10797114}
}

@article{OBrien2009PhotonicTechnologies,
    title = {{Photonic quantum technologies}},
    year = {2009},
    journal = {Nature Photonics},
    author = {O'Brien, Jeremy L. and Furusawa, Akira and Vu{\v{c}}kovi{\'{c}}, Jelena},
    number = {12},
    month = {12},
    pages = {687--695},
    volume = {3},
    doi = {10.1038/NPHOTON.2009.229}
}

@article{OBrien2009PhotonicTechnologiesb,
    title = {{Photonic quantum technologies}},
    year = {2009},
    journal = {Nature Photonics},
    author = {O'Brien, Jeremy L. and Furusawa, Akira and Vu{\v{c}}kovi{\'{c}}, Jelena},
    number = {12},
    pages = {687--695},
    volume = {3},
    doi = {10.1038/nphoton.2009.229},
    issn = {17494885},
    arxivId = {1003.3928}
}

@misc{Deng2021PhysicsNanolasers,
    title = {{Physics and Applications of High-{$\beta$} Micro- and Nanolasers}},
    year = {2021},
    booktitle = {Advanced Optical Materials},
    author = {Deng, Hui and Lippi, Gian Luca and M{\o}rk, Jesper and Wiersig, Jan and Reitzenstein, Stephan},
    number = {19},
    month = {10},
    volume = {9},
    publisher = {John Wiley and Sons Inc},
    doi = {10.1002/adom.202100415},
    issn = {21951071},
    keywords = {Fano lasers, high-{$\beta$} lasers, microlasers, nanolasers, neuromorphic computing, quantum nanophotonics, thresholdless lasing}
}

@article{Shor1999PolynomialComputer,
    title = {{Polynomial Time Algorithms for Prime Factorization and Discrete Logarithms on a Quantum Computer}},
    year = {1999},
    journal = {SIAM Journal on Scientific Computing},
    author = {Shor, Peter W},
    number = {2},
    pages = {303--332},
    volume = {41},
    keywords = {algorithmic number theory, church, discrete logarithms, foundations of quantum mechanics, fourier trans-, prime factorization, quantum computers, s thesis, spin systems}
}

@article{Reigue2017ProbingDots,
    title = {{Probing Electron-Phonon Interaction through Two-Photon Interference in Resonantly Driven Semiconductor Quantum Dots}},
    year = {2017},
    journal = {Physical Review Letters},
    author = {Reigue, Antoine and Iles-Smith, Jake and Lux, Fabian and Monniello, Léonard and Bernard, Mathieu and Margaillan, Florent and Lemaitre, Aristide and Martinez, Anthony and McCutcheon, Dara P.S. and M{\o}rk, Jesper and Hostein, Richard and Voliotis, Valia},
    number = {23},
    month = {6},
    volume = {118},
    publisher = {American Physical Society},
    doi = {10.1103/PhysRevLett.118.233602},
    issn = {10797114},
    pmid = {28644642},
    arxivId = {1612.07121}
}

@article{Glassl2013ProposedPhonons,
    title = {{Proposed robust and high-fidelity preparation of excitons and biexcitons in semiconductor quantum dots making active use of phonons}},
    year = {2013},
    journal = {Physical Review Letters},
    author = {Gl{\"{a}}ssl, M. and Barth, A. M. and Axt, V. M.},
    number = {14},
    month = {4},
    volume = {110},
    publisher = {American Physical Society},
    doi = {10.1103/PhysRevLett.110.147401},
    issn = {10797114}
}

@article{WorkQ-meansMeterial,
    title = {{q-means : Supplementary Meterial}},
    author = {Work, Related},
    pages = {12--21}
}

@article{WorkQ-meansMeterialb,
    title = {{q-means : Supplementary Meterial}},
    author = {Work, Related},
    pages = {12--21}
}

@article{Kerenidis2019Q-means:Learning,
    title = {{Q-means: A quantum algorithm for unsupervised machine learning}},
    year = {2019},
    journal = {Advances in Neural Information Processing Systems},
    author = {Kerenidis, Iordanis and Landman, Jonas and Luongo, Alessandro and Prakash, Anupam},
    number = {NeurIPS 2019},
    volume = {32},
    issn = {10495258},
    arxivId = {1812.03584}
}

@article{Harrow2009QuantumEquations,
    title = {{Quantum Algorithm for Linear Systems of Equations}},
    year = {2009},
    journal = {Phys. Rev. Lett.},
    author = {Harrow, Aram W and Hassidim, Avinatan and Lloyd, Seth},
    number = {October},
    pages = {103},
    volume = {150502},
    doi = {10.1103/PhysRevLett.103.150502}
}

@article{Allcock2020QuantumNetworks,
    title = {{Quantum Algorithms for Feedforward Neural Networks}},
    year = {2020},
    journal = {ACM Transactions on Quantum Computing},
    author = {Allcock, Jonathan and Hsieh, Chang-Yu and Kerenidis, Iordanis and Zhang, Shengyu},
    number = {1},
    pages = {1--24},
    volume = {1},
    doi = {10.1145/3411466},
    issn = {2643-6809},
    arxivId = {1812.03089}
}

@article{Wiebe2015QuantumLearning,
    title = {{Quantum Algorithms for Nearest-Neighbor Methods for Supervised and Unsupervised Learning}},
    year = {2015},
    journal = {Quantum Information {\&} Computation},
    author = {Wiebe, Nathan and Kapoor, Ashish and Svore, Krysta M},
    pages = {0318--0358},
    volume = {15},
    arxivId = {arXiv:1401.2142v2}
}

@article{Wiebe2015QuantumLearningb,
    title = {{Quantum algorithms for nearest-neighbor methods for supervised and unsupervised learning}},
    year = {2015},
    journal = {Quantum Information and Computation},
    author = {Wiebe, Nathan and Kapoor, Ashish and Svore, Krysta M.},
    number = {3-4},
    month = {3},
    pages = {318--358},
    volume = {15},
    publisher = {Rinton Press Inc.},
    doi = {10.26421/qic15.3-4-7},
    issn = {15337146},
    arxivId = {1401.2142},
    keywords = {Machine Learning, Quantum Algorithms, Quantum Computing}
}

@article{Brassard2002QuantumEstimation,
    title = {{Quantum amplitude amplification and estimation}},
    year = {2002},
    journal = {AMS Contemporary Mathematics},
    author = {Brassard, Gilles and H{\o}yer, Peter and Mosca, Michele and Tapp, Alain},
    pages = {53--74},
    volume = {305},
    doi = {10.1090/conm/305/05215},
    arxivId = {quant-ph/0005055}
}

@book{Steck2007QuantumOptics,
    title = {{Quantum and Atom Optics}},
    year = {2007},
    author = {Steck, Daniel A},
    publisher = {available online at http://steck.us/teaching}
}

@article{Gisin2007QuantumCommunication,
    title = {{Quantum communication}},
    year = {2007},
    journal = {Nature Photonics},
    author = {Gisin, Nicolas and Thew, Rob},
    month = {3},
    pages = {165--171},
    volume = {1}
}

@article{CARLINI2002QuantumInformation,
    title = {{Quantum Computation and Information}},
    year = {2002},
    journal = {The Ninth Marcel Grossmann Meeting},
    author = {CARLINI, A.},
    pages = {592--613},
    doi = {10.1142/9789812777386{\_}0042},
    keywords = {and phrases, canada, canada research chair, counting, ebec, lower bound, qu, quantum computation, s fcar and the, s nserc, searching, supported in part by}
}

@book{MichaelA.2010QuantumInformation,
    title = {{Quantum Computation and Quantum Information}},
    year = {2010},
    author = {Michael A., Nielsen and Chuang, Isaac L.},
    edition = {10},
    publisher = {CAMBRIDGE UNIVERSITY PRESS},
    isbn = {9781107002173},
    doi = {10.1080/00107514.2011.587535},
    issn = {0010-7514}
}

@article{Santis2018QuantumLasers,
    title = {{Quantum control of phase fluctuations in semiconductor lasers}},
    year = {2018},
    journal = {Proceedings of the National Academy of Sciences},
    author = {Santis, Christos T and Vilenchik, Yaakov and Satyan, Naresh and Rakuljic, George and Yariv, Amnon},
    number = {34},
    pages = {E7896–E7904},
    volume = {115},
    publisher = {National Academy of Sciences},
    url = {https://www.pnas.org/content/115/34/E7896},
    doi = {10.1073/pnas.1806716115},
    issn = {0027-8424}
}

@article{Yacomotti2023QuantumLimit,
    title = {{Quantum Density Matrix Theory for a Laser Without Adiabatic Elimination of the Population Inversion: Transition to Lasing in the Class‐B Limit}},
    year = {2023},
    journal = {Laser {\&} Photonics Reviews},
    author = {Yacomotti, Alejandro M. and Denis, Zakari and Biella, Alberto and Ciuti, Cristiano},
    number = {1},
    month = {1},
    pages = {2200377},
    volume = {17},
    publisher = {John Wiley and Sons Inc},
    url = {https://onlinelibrary.wiley.com/doi/10.1002/lpor.202200377},
    doi = {10.1002/lpor.202200377},
    issn = {1863-8880},
    keywords = {laser theory, nanolasers, quantum electronics}
}

@article{Wilson-Rae2002QuantumInteractions,
    title = {{Quantum dot cavity-QED in the presence of strong electron-phonon interactions}},
    year = {2002},
    journal = {Physical Review B - Condensed Matter and Materials Physics},
    author = {Wilson-Rae, I. and Imamo{\u{g}}lu, A.},
    number = {23},
    pages = {1--5},
    volume = {65},
    doi = {10.1103/PhysRevB.65.235311},
    issn = {1550235X},
    arxivId = {quant-ph/0105022}
}

@article{McCutcheon2010QuantumRegime,
    title = {{Quantum dot Rabi rotations beyond the weak exciton-phonon coupling regime}},
    year = {2010},
    journal = {New Journal of Physics},
    author = {McCutcheon, Dara P.S. and Nazir, Ahsan},
    month = {11},
    volume = {12},
    doi = {10.1088/1367-2630/12/11/113042},
    issn = {13672630},
    arxivId = {1009.1155}
}

@article{Roy-Choudhury2010QuantumDiodes,
    title = {{Quantum fluctuations in very small laser diodes}},
    year = {2010},
    journal = {Physical Review A},
    author = {Roy-Choudhury, Kaushik and Levi, A. F. J.},
    number = {1},
    month = {1},
    pages = {013827},
    volume = {81},
    url = {https://link.aps.org/doi/10.1103/PhysRevA.81.013827},
    doi = {10.1103/PhysRevA.81.013827},
    issn = {1050-2947}
}

@article{Kerenidis2020QuantumSquares,
    title = {{Quantum gradient descent for linear systems and least squares}},
    year = {2020},
    journal = {Physical Review A},
    author = {Kerenidis, Iordanis and Prakash, Anupam},
    number = {2},
    volume = {101},
    doi = {10.1103/PhysRevA.101.022316},
    issn = {24699934},
    arxivId = {1704.04992}
}

@misc{Northup2014QuantumPhotons,
    title = {{Quantum information transfer using photons}},
    year = {2014},
    booktitle = {Nature Photonics},
    author = {Northup, T. E. and Blatt, R.},
    number = {5},
    pages = {356--363},
    volume = {8},
    publisher = {Nature Publishing Group},
    doi = {10.1038/nphoton.2014.53},
    issn = {17494893},
    arxivId = {1708.00424}
}

@article{Kiilerich2020QuantumRadiation,
    title = {{Quantum interactions with pulses of radiation}},
    year = {2020},
    journal = {Physical Review A},
    author = {Kiilerich, Alexander Holm and M{\o}lmer, Klaus},
    number = {2},
    pages = {1--14},
    volume = {102},
    publisher = {American Physical Society},
    doi = {10.1103/PhysRevA.102.023717},
    issn = {24699934},
    arxivId = {2003.04573},
    keywords = {doi:10.1103/PhysRevA.102.023717 url:https://doi.or}
}

@article{Kiilerich2020QuantumRadiationb,
    title = {{Quantum interactions with pulses of radiation}},
    year = {2020},
    journal = {Physical Review A},
    author = {Kiilerich, Alexander Holm and M{\o}lmer, Klaus},
    number = {2},
    month = {8},
    pages = {023717},
    volume = {102},
    publisher = {American Physical Society},
    url = {https://link.aps.org/doi/10.1103/PhysRevA.102.023717},
    doi = {10.1103/PhysRevA.102.023717},
    issn = {2469-9926}
}

@article{Protsenko2021QuantumNanolasers,
    title = {{Quantum Langevin approach for superradiant nanolasers}},
    year = {2021},
    journal = {New Journal of Physics},
    author = {Protsenko, Igor E. and Uskov, Alexander V. and Andr{\'{e}}, Emil C. and M{\o}rk, Jesper and Wubs, Martijn},
    number = {6},
    month = {6},
    pages = {063010},
    volume = {23},
    publisher = {IOP Publishing Ltd},
    doi = {10.1088/1367-2630/abfd4c},
    issn = {13672630},
    arxivId = {2012.02533},
    keywords = {laser spectra, nanolasers, superradiance}
}

@article{Denning2019QuantumCavity,
    title = {{Quantum light-matter interaction and controlled phonon scattering in a photonic Fano cavity}},
    year = {2019},
    journal = {Physical Review B},
    author = {Denning, Emil V. and Iles-Smith, Jake and Mork, Jesper},
    number = {21},
    month = {12},
    volume = {100},
    publisher = {American Physical Society},
    doi = {10.1103/PhysRevB.100.214306},
    issn = {24699969},
    arxivId = {1907.13423}
}

@book{Jacobs2014QuantumApplications,
    title = {{Quantum Measurement Theory and its Applications}},
    year = {2014},
    author = {Jacobs, Kurt},
    month = {8},
    publisher = {Cambridge University Press},
    url = {https://www.cambridge.org/core/product/identifier/9781139179027/type/book},
    isbn = {9781107025486},
    doi = {10.1017/CBO9781139179027}
}

@article{Nguyen2019QuantumInterface,
    title = {{Quantum Network Nodes Based on Diamond Qubits with an Efficient Nanophotonic Interface}},
    year = {2019},
    journal = {Physical Review Letters},
    author = {Nguyen, C. T. and Sukachev, D. D. and Bhaskar, M. K. and MacHielse, B. and Levonian, D. S. and Knall, E. N. and Stroganov, P. and Riedinger, R. and Park, H. and Lon{\v{c}}ar, M. and Lukin, M. D.},
    number = {18},
    month = {10},
    volume = {123},
    publisher = {American Physical Society},
    doi = {10.1103/PhysRevLett.123.183602},
    issn = {10797114},
    pmid = {31763904},
    arxivId = {1907.13199}
}

@misc{Ruf2021QuantumDiamond,
    title = {{Quantum networks based on color centers in diamond}},
    year = {2021},
    booktitle = {Journal of Applied Physics},
    author = {Ruf, Maximilian and Wan, Noel H. and Choi, Hyeongrak and Englund, Dirk and Hanson, Ronald},
    number = {7},
    month = {8},
    volume = {130},
    publisher = {American Institute of Physics Inc.},
    doi = {10.1063/5.0056534},
    issn = {10897550},
    arxivId = {2105.04341}
}

@book{GardinerQuantumNoise,
    title = {{Quantum Noise}},
    author = {Gardiner, C.W}
}

@article{Ritsch1990QuantumAbsorbers,
    title = {{Quantum noise reduction in lasers with nonlinear absorbers}},
    year = {1990},
    journal = {Quantum Optics: Journal of the European Optical Society Part B},
    author = {Ritsch, H.},
    number = {2},
    pages = {189--203},
    volume = {2},
    doi = {10.1088/0954-8998/2/2/007},
    issn = {09548998}
}

@article{Chang2014QuantumPhoton,
    title = {{Quantum nonlinear optics - Photon by photon}},
    year = {2014},
    journal = {Nature Photonics},
    author = {Chang, Darrick E. and Vuleti{\'{c}}, Vladan and Lukin, Mikhail D.},
    number = {9},
    pages = {685--694},
    volume = {8},
    publisher = {Nature Publishing Group},
    doi = {10.1038/nphoton.2014.192},
    issn = {17494893}
}

@article{Carmichael2003QuantumLight,
    title = {{Quantum optics - Single atom lases orderly light}},
    year = {2003},
    journal = {Nature},
    author = {Carmichael, H and Orozco, Luis},
    month = {8},
    pages = {246--247},
    volume = {425},
    doi = {10.1038/425246a}
}

@techreport{Denning2020QuantumEnvironments,
    title = {{Quantum photonics in structured environments}},
    year = {2020},
    author = {Denning, Emil Vosmar}
}

@article{Kerenidis2017QuantumSystem,
    title = {{Quantum recommendation system}},
    year = {2017},
    journal = {Leibniz International Proceedings in Informatics, LIPIcs},
    author = {Kerenidis, Iordanis and Prakash, Anupam},
    number = {49},
    pages = {1--21},
    volume = {67},
    isbn = {9783959770293},
    doi = {10.4230/LIPIcs.ITCS.2017.49},
    issn = {18688969},
    arxivId = {1603.08675},
    keywords = {Matrix sampling, Quantum algorithms, Quantum machine learning, Recommendation systems, singular value estimation}
}

@article{Guarnieri2014QuantumDynamics,
    title = {{Quantum regression theorem and non-Markovianity of quantum dynamics}},
    year = {2014},
    journal = {Physical Review A - Atomic, Molecular, and Optical Physics},
    author = {Guarnieri, Giacomo and Smirne, Andrea and Vacchini, Bassano},
    number = {2},
    month = {8},
    volume = {90},
    doi = {10.1103/PhysRevA.90.022110},
    issn = {10941622},
    arxivId = {1406.5340}
}

@article{Arute2019QuantumProcessor,
    title = {{Quantum supremacy using a programmable superconducting processor}},
    year = {2019},
    journal = {Nature},
    author = {Arute, Frank and Arya, Kunal and Babbush, Ryan and Bacon, Dave and Bardin, Joseph C and Barends, Rami and Biswas, Rupak and Boixo, Sergio and Brandao, Fernando G S L and Buell, David A and Burkett, Brian and Chen, Yu and Chen, Zijun and Chiaro, Ben and Collins, Roberto and Courtney, William and Dunsworth, Andrew and Farhi, Edward and Foxen, Brooks and Fowler, Austin and Gidney, Craig and Giustina, Marissa and Graff, Rob and Guerin, Keith and Habegger, Steve and Harrigan, Matthew P and Hartmann, Michael J and Ho, Alan and Hoffmann, Markus and Huang, Trent and Humble, Travis S and Isakov, Sergei V and Jeffrey, Evan and Jiang, Zhang and Kafri, Dvir and Kechedzhi, Kostyantyn and Kelly, Julian and Klimov, Paul V and Knysh, Sergey and Korotkov, Alexander and Kostritsa, Fedor and Landhuis, David and Lindmark, Mike and Lucero, Erik and Lyakh, Dmitry and Mandr{\`{a}}, Salvatore and Mcclean, Jarrod R and Mcewen, Matthew and Megrant, Anthony and Mi, Xiao and Michielsen, Kristel and Mohseni, Masoud and Mutus, Josh and Naaman, Ofer and Neeley, Matthew and Neill, Charles and Niu, Murphy Yuezhen and Ostby, Eric and Petukhov, Andre and Platt, John C and Quintana, Chris and Rieffel, Eleanor G and Roushan, Pedram and Rubin, Nicholas C and Sank, Daniel and Satzinger, Kevin J and Smelyanskiy, Vadim and Sung, Kevin J and Trevithick, Matthew D and Vainsencher, Amit and Villalonga, Benjamin and White, Theodore and Yao, Z Jamie and Yeh, Ping and Zalcman, Adam and Neven, Hartmut and Martinis, John M},
    pages = {505},
    volume = {574},
    url = {https://doi.org/10.1038/s41586-019-1666-5},
    doi = {10.1038/s41586-019-1666-5}
}

@article{Arute2019QuantumProcessorb,
    title = {{Quantum supremacy using a programmable superconducting processor}},
    year = {2019},
    journal = {Nature},
    author = {Arute, Frank and Arya, Kunal and Babbush, Ryan and Bacon, Dave and Bardin, Joseph C. and Barends, Rami and Biswas, Rupak and Boixo, Sergio and Brandao, Fernando G.S.L. and Buell, David A. and Burkett, Brian and Chen, Yu and Chen, Zijun and Chiaro, Ben and Collins, Roberto and Courtney, William and Dunsworth, Andrew and Farhi, Edward and Foxen, Brooks and Fowler, Austin and Gidney, Craig and Giustina, Marissa and Graff, Rob and Guerin, Keith and Habegger, Steve and Harrigan, Matthew P. and Hartmann, Michael J. and Ho, Alan and Hoffmann, Markus and Huang, Trent and Humble, Travis S. and Isakov, Sergei V. and Jeffrey, Evan and Jiang, Zhang and Kafri, Dvir and Kechedzhi, Kostyantyn and Kelly, Julian and Klimov, Paul V. and Knysh, Sergey and Korotkov, Alexander and Kostritsa, Fedor and Landhuis, David and Lindmark, Mike and Lucero, Erik and Lyakh, Dmitry and Mandr{\`{a}}, Salvatore and McClean, Jarrod R. and McEwen, Matthew and Megrant, Anthony and Mi, Xiao and Michielsen, Kristel and Mohseni, Masoud and Mutus, Josh and Naaman, Ofer and Neeley, Matthew and Neill, Charles and Niu, Murphy Yuezhen and Ostby, Eric and Petukhov, Andre and Platt, John C. and Quintana, Chris and Rieffel, Eleanor G. and Roushan, Pedram and Rubin, Nicholas C. and Sank, Daniel and Satzinger, Kevin J. and Smelyanskiy, Vadim and Sung, Kevin J. and Trevithick, Matthew D. and Vainsencher, Amit and Villalonga, Benjamin and White, Theodore and Yao, Z. Jamie and Yeh, Ping and Zalcman, Adam and Neven, Hartmut and Martinis, John M.},
    number = {7779},
    pages = {505--510},
    volume = {574},
    publisher = {Springer US},
    url = {http://dx.doi.org/10.1038/s41586-019-1666-5},
    isbn = {4158601916},
    doi = {10.1038/s41586-019-1666-5},
    issn = {14764687},
    pmid = {31645734}
}

@article{Roy-Choudhury2015QuantumPhonons,
    title = {{Quantum theory of the emission spectrum from quantum dots coupled to structured photonic reservoirs and acoustic phonons}},
    year = {2015},
    journal = {Physical Review B - Condensed Matter and Materials Physics},
    author = {Roy-Choudhury, Kaushik and Hughes, Stephen},
    number = {20},
    month = {11},
    volume = {92},
    publisher = {American Physical Society},
    doi = {10.1103/PhysRevB.92.205406},
    issn = {1550235X}
}

@article{Baragiola2017QuantumStates,
    title = {{Quantum trajectories for propagating Fock states}},
    year = {2017},
    journal = {Physical Review A},
    author = {Baragiola, Ben Q. and Combes, Joshua},
    number = {2},
    month = {8},
    volume = {96},
    publisher = {American Physical Society},
    doi = {10.1103/PhysRevA.96.023819},
    issn = {24699934},
    arxivId = {1704.00101}
}

@article{Crowder2022QuantumFeedback,
    title = {{Quantum trajectory theory and simulations of nonlinear spectra and multiphoton effects in waveguide-QED systems with a time-delayed coherent feedback}},
    year = {2022},
    journal = {Physical Review A},
    author = {Crowder, Gavin and Ramunno, Lora and Hughes, Stephen},
    number = {1},
    month = {7},
    volume = {106},
    publisher = {American Physical Society},
    doi = {10.1103/PhysRevA.106.013714},
    issn = {24699934},
    arxivId = {2110.09362}
}

@article{Crowder2020QuantumFeedback,
    title = {{Quantum trajectory theory of few-photon cavity-QED systems with a time-delayed coherent feedback}},
    year = {2020},
    journal = {Physical Review A},
    author = {Crowder, Gavin and Carmichael, Howard and Hughes, Stephen},
    number = {2},
    month = {2},
    volume = {101},
    publisher = {American Physical Society},
    doi = {10.1103/PhysRevA.101.023807},
    issn = {24699934},
    arxivId = {1910.14601}
}

@article{Kramer2018QuantumOptics.jl:Systems,
    title = {{QuantumOptics.jl: A Julia framework for simulating open quantum systems}},
    year = {2018},
    journal = {Computer Physics Communications},
    author = {Kr{\"{a}}mer, Sebastian and Plankensteiner, David and Ostermann, Laurin and Ritsch, Helmut},
    month = {6},
    pages = {109--116},
    volume = {227},
    url = {https://linkinghub.elsevier.com/retrieve/pii/S0010465518300328},
    doi = {10.1016/j.cpc.2018.02.004},
    issn = {00104655},
    keywords = {Julia language, Numerics, Quantum mechanics, Quantum optics}
}

@article{Johansson2013QuTiPSystems,
    title = {{QuTiP 2: A Python framework for the dynamics of open quantum systems}},
    year = {2013},
    journal = {Computer Physics Communications},
    author = {Johansson, J. R. and Nation, P. D. and Nori, Franco},
    number = {4},
    month = {4},
    pages = {1234--1240},
    volume = {184},
    doi = {10.1016/j.cpc.2012.11.019},
    issn = {00104655},
    arxivId = {1211.6518},
    keywords = {Bloch-Redfield, Floquet-Markov, Lindblad, Master equation, Open quantum systems, Python, Quantum Monte Carlo}
}

@article{Johansson2012QuTiP:Systems,
    title = {{QuTiP: An open-source Python framework for the dynamics of open quantum systems}},
    year = {2012},
    journal = {Computer Physics Communications},
    author = {Johansson, J. R. and Nation, P. D. and Nori, Franco},
    number = {8},
    month = {8},
    pages = {1760--1772},
    volume = {183},
    doi = {10.1016/j.cpc.2012.02.021},
    issn = {00104655},
    arxivId = {1110.0573},
    keywords = {Lindblad master equation, Open quantum systems, Python, Quantum Monte Carlo}
}

@article{Han2018RabiTemperature,
    title = {{Rabi Splitting in a Plasmonic Nanocavity Coupled to a WS2 Monolayer at Room Temperature}},
    year = {2018},
    journal = {ACS Photonics},
    author = {Han, Xiaobo and Wang, Kai and Xing, Xiangyuan and Wang, Mengya and Lu, Peixiang},
    number = {10},
    month = {10},
    pages = {3970--3976},
    volume = {5},
    publisher = {American Chemical Society},
    doi = {10.1021/acsphotonics.8b00931},
    issn = {23304022},
    keywords = {Rabi splitting, WS2 monolayer, nanocube, plasmonic nanocavity, strong coupling}
}

@article{Lobl2020RadiativeLimit,
    title = {{Radiative Auger process in the single-photon limit}},
    year = {2020},
    journal = {Nature Nanotechnology},
    author = {L{\"{o}}bl, Matthias C. and Spinnler, Clemens and Javadi, Alisa and Zhai, Liang and Nguyen, Giang N. and Ritzmann, Julian and Midolo, Leonardo and Lodahl, Peter and Wieck, Andreas D. and Ludwig, Arne and Warburton, Richard J.},
    number = {7},
    month = {7},
    pages = {558--562},
    volume = {15},
    publisher = {Nature Research},
    doi = {10.1038/S41565-020-0697-2}
}

@article{Mork2018RateEmitters,
    title = {{Rate equation description of quantum noise in nanolasers with few emitters}},
    year = {2018},
    journal = {Applied Physics Letters},
    author = {Mork, J. and Lippi, G. L.},
    number = {14},
    pages = {1--6},
    volume = {112},
    doi = {10.1063/1.5022958},
    issn = {00036951}
}

@article{Vagov2011Real-timeCoupling,
    title = {{Real-time path integrals for quantum dots: Quantum dissipative dynamics with superohmic environment coupling}},
    year = {2011},
    journal = {Physical Review B - Condensed Matter and Materials Physics},
    author = {Vagov, A. and Croitoru, M. D. and Gl{\"{a}}ssl, M. and Axt, V. M. and Kuhn, T.},
    number = {9},
    month = {3},
    volume = {83},
    doi = {10.1103/PhysRevB.83.094303},
    issn = {10980121}
}

@techreport{Pompili2021RealizationQubits,
    title = {{Realization of a multinode quantum network of remote solid-state qubits}},
    year = {2021},
    booktitle = {Science},
    author = {Pompili, M and Hermans, S L N and Baier, S and Beukers, H K C and Humphreys, P C and Schouten, R N and Vermeulen, R F L and Tiggelman, M J and Dos, L and Martins, Santos and Dirkse, B and Wehner, S and Hanson, R},
    pages = {259--264},
    volume = {372},
    url = {https://www.science.org}
}

@article{delValle2011RegimesExcitation,
    title = {{Regimes of strong light-matter coupling under incoherent excitation}},
    year = {2011},
    journal = {Physical Review A},
    author = {del Valle, E. and Laussy, F. P.},
    number = {4},
    month = {10},
    pages = {043816},
    volume = {84},
    url = {https://link.aps.org/doi/10.1103/PhysRevA.84.043816},
    doi = {10.1103/PhysRevA.84.043816},
    issn = {1050-2947}
}

@article{Hughes2021ResonantPolaritons,
    title = {{Resonant Raman scattering of single molecules under simultaneous strong cavity coupling and ultrastrong optomechanical coupling in plasmonic resonators: Phonon-dressed polaritons}},
    year = {2021},
    journal = {Physical Review B},
    author = {Hughes, Stephen and Settineri, Alessio and Savasta, Salvatore and Nori, Franco},
    number = {4},
    month = {7},
    volume = {104},
    publisher = {American Physical Society (APS)},
    doi = {10.1103/physrevb.104.045431},
    issn = {2469-9950}
}

@article{Qin2020RevealingConditions,
    title = {{Revealing Strong Plasmon-Exciton Coupling between Nanogap Resonators and Two-Dimensional Semiconductors at Ambient Conditions}},
    year = {2020},
    journal = {Physical Review Letters},
    author = {Qin, Jian and Chen, Yu Hui and Zhang, Zhepeng and Zhang, Yanfeng and Blaikie, Richard J. and Ding, Boyang and Qiu, Min},
    number = {6},
    month = {2},
    volume = {124},
    publisher = {American Physical Society},
    doi = {10.1103/PhysRevLett.124.063902},
    issn = {10797114},
    pmid = {32109119},
    arxivId = {1811.01598}
}

@article{Drechsler2022RevisitingNanolasers,
    title = {{Revisiting the Siegert relation for the partially coherent regime of nanolasers}},
    year = {2022},
    journal = {Applied Physics Letters},
    author = {Drechsler, M. and Lohof, F. and Gies, C.},
    number = {22},
    month = {5},
    pages = {221104},
    volume = {120},
    publisher = {American Institute of Physics Inc.},
    url = {https://aip.scitation.org/doi/10.1063/5.0094698},
    doi = {10.1063/5.0094698},
    issn = {0003-6951}
}

@article{Havel2003RobustSemigroups,
    title = {{Robust procedures for converting among Lindblad, Kraus and matrix representations of quantum dynamical semigroups}},
    year = {2003},
    journal = {Journal of Mathematical Physics},
    author = {Havel, Timothy F.},
    number = {2},
    month = {2},
    pages = {534--557},
    volume = {44},
    doi = {10.1063/1.1518555},
    issn = {00222488},
    arxivId = {quant-ph/0201127}
}

@article{Houdre1994Room-temperatureMicrocavity,
    title = {{Room-temperature cavity polaritons in a semiconductor microcavity}},
    year = {1994},
    journal = {Phys. Rev. B},
    author = {Houdr{\'{e}}, R and Stanley, R P and Oesterle, U and Ilegems, M and Weisbuch, C},
    number = {23},
    month = {6},
    pages = {16761--16764},
    volume = {49},
    publisher = {American Physical Society},
    url = {https://link.aps.org/doi/10.1103/PhysRevB.49.16761},
    doi = {10.1103/PhysRevB.49.16761}
}

@article{Flatten2016Room-Temperature2,
    title = {{Room-Temperature exciton-polaritons with two-dimensional WS 2}},
    year = {2016},
    journal = {Scientific Reports},
    author = {Flatten, L. C. and He, Z. and Coles, D. M. and Trichet, A. A.P. and Powell, A. W. and Taylor, R. A. and Warner, J. H. and Smith, J. M.},
    month = {9},
    volume = {6},
    publisher = {Nature Publishing Group},
    doi = {10.1038/srep33134},
    issn = {20452322},
    arxivId = {1605.04743}
}

@article{Duan2004ScalableInteractions,
    title = {{Scalable photonic quantum computation through cavity-assisted interactions}},
    year = {2004},
    journal = {Physical Review Letters},
    author = {Duan, L. M. and Kimble, H. J.},
    number = {12},
    month = {3},
    volume = {92},
    publisher = {American Physical Society},
    doi = {10.1103/PhysRevLett.92.127902},
    issn = {00319007},
    arxivId = {quant-ph/0309187}
}

@article{King2021ScalingMagnets,
    title = {{Scaling advantage over path-integral Monte Carlo in quantum simulation of geometrically frustrated magnets}},
    year = {2021},
    journal = {Nature Communications},
    author = {King, Andrew D. and Raymond, Jack and Lanting, Trevor and Isakov, Sergei V. and Mohseni, Masoud and Poulin-Lamarre, Gabriel and Ejtemaee, Sara and Bernoudy, William and Ozfidan, Isil and Smirnov, Anatoly Yu and Reis, Mauricio and Altomare, Fabio and Babcock, Michael and Baron, Catia and Berkley, Andrew J. and Boothby, Kelly and Bunyk, Paul I. and Christiani, Holly and Enderud, Colin and Evert, Bram and Harris, Richard and Hoskinson, Emile and Huang, Shuiyuan and Jooya, Kais and Khodabandelou, Ali and Ladizinsky, Nicolas and Li, Ryan and Lott, P. Aaron and MacDonald, Allison J.R. and Marsden, Danica and Marsden, Gaelen and Medina, Teresa and Molavi, Reza and Neufeld, Richard and Norouzpour, Mana and Oh, Travis and Pavlov, Igor and Perminov, Ilya and Prescott, Thomas and Rich, Chris and Sato, Yuki and Sheldan, Benjamin and Sterling, George and Swenson, Loren J. and Tsai, Nicholas and Volkmann, Mark H. and Whittaker, Jed D. and Wilkinson, Warren and Yao, Jason and Neven, Hartmut and Hilton, Jeremy P. and Ladizinsky, Eric and Johnson, Mark W. and Amin, Mohammad H.},
    number = {1},
    pages = {1--6},
    volume = {12},
    doi = {10.1038/s41467-021-20901-5},
    issn = {20411723},
    pmid = {33602927}
}

@article{Fischer2017ScatteringSystem,
    title = {{Scattering into one-dimensional waveguides from a coherently-driven quantum-optical system}},
    year = {2017},
    author = {Fischer, Kevin A. and Trivedi, Rahul and Ramasesh, Vinay and Siddiqi, Irfan and Vu{\v{c}}kovi{\'{c}}, Jelena},
    month = {10},
    url = {http://arxiv.org/abs/1710.02875 http://dx.doi.org/10.22331/q-2018-05-28-69},
    doi = {10.22331/q-2018-05-28-69},
    arxivId = {1710.02875}
}

@article{Waks2002SecureTurnstile,
    title = {{Secure communication: Quantum cryptography with a photon turnstile}},
    year = {2002},
    journal = {Nature},
    author = {Waks, Edo and Inoue, Kyo and Santori, Charles and Fattal, David and Vuckovic, Jelena and Solomon, Glenn and Yamamoto, Yoshihisa},
    month = {8},
    pages = {762},
    volume = {420},
    doi = {10.1038/420762a}
}

@article{Choi2017Self-SimilarNonlinearities,
    title = {{Self-Similar Nanocavity Design with Ultrasmall Mode Volume for Single-Photon Nonlinearities}},
    year = {2017},
    journal = {Physical Review Letters},
    author = {Choi, Hyeongrak and Heuck, Mikkel and Englund, Dirk},
    number = {22},
    month = {5},
    pages = {223605},
    volume = {118},
    publisher = {American Physical Society},
    doi = {10.1103/PhysRevLett.118.223605},
    issn = {10797114},
    pmid = {28621978}
}

@article{Ning2019SemiconductorReview,
    title = {{Semiconductor nanolasers and the size-energy-efficiency challenge: A review}},
    year = {2019},
    journal = {Advanced Photonics},
    author = {Ning, Cun Zheng},
    number = {1},
    month = {1},
    pages = {014002},
    volume = {1},
    publisher = {SPIE},
    doi = {10.1117/1.AP.1.1.014002},
    issn = {25775421},
    keywords = {energy efficiency, optical interconnects, photonic crystals, plasmonics, semiconductor lasers, two-dimensional monolayer materials}
}

@phdthesis{Grovn2022SimulationNanolasers,
    title = {{Simulation of few-emitter nanolasers}},
    year = {2022},
    author = {Grovn, Emil}
}

@article{Strauf2011SingleNanolaser,
    title = {{Single quantum dot nanolaser}},
    year = {2011},
    journal = {Laser and Photonics Reviews},
    author = {Strauf, Stefan and Jahnke, Frank},
    number = {5},
    month = {9},
    pages = {607--633},
    volume = {5},
    doi = {10.1002/lpor.201000039},
    issn = {18638880},
    keywords = {Cavity-QED, Jaynes-Cummings interaction, Lasing, Photon statistics, Photonic crystals, Quantum dots, Strong coupling}
}

@article{Geisler2019Single-CrystallineTemperature,
    title = {{Single-Crystalline Gold Nanodisks on WS 2 Mono- and Multilayers for Strong Coupling at Room Temperature}},
    year = {2019},
    journal = {ACS Photonics},
    author = {Geisler, Mathias and Cui, Ximin and Wang, Jianfang and Rindzevicius, Tomas and Gammelgaard, Lene and Jessen, Bjarke S. and Gon{\c{c}}alves, P. A.D. and Todisco, Francesco and B{\o}ggild, Peter and Boisen, Anja and Wubs, Martijn and Mortensen, N. Asger and Xiao, Sanshui and Stenger, Nicolas},
    number = {4},
    month = {4},
    pages = {994--1001},
    volume = {6},
    publisher = {American Chemical Society},
    doi = {10.1021/acsphotonics.8b01766},
    issn = {23304022},
    arxivId = {1812.09495},
    keywords = {TMDC, WS 2, excitons, gold nanodisks, plasmonics, strong coupling}
}

@article{Chikkaraddy2016Single-moleculeNanocavities,
    title = {{Single-molecule strong coupling at room temperature in plasmonic nanocavities}},
    year = {2016},
    journal = {Nature},
    author = {Chikkaraddy, Rohit and De Nijs, Bart and Benz, Felix and Barrow, Steven J. and Scherman, Oren A. and Rosta, Edina and Demetriadou, Angela and Fox, Peter and Hess, Ortwin and Baumberg, Jeremy J.},
    number = {7610},
    month = {7},
    pages = {127--130},
    volume = {535},
    publisher = {Nature Publishing Group},
    doi = {10.1038/NATURE17974}
}

@article{Pscherer2021Single-MoleculeLevel,
    title = {{Single-Molecule Vacuum Rabi Splitting: Four-Wave Mixing and Optical Switching at the Single-Photon Level}},
    year = {2021},
    journal = {Physical Review Letters},
    author = {Pscherer, André and Meierhofer, Manuel and Wang, Daqing and Kelkar, Hrishikesh and Mart{\'{i}}n-Cano, Diego and Utikal, Tobias and G{\"{o}}tzinger, Stephan and Sandoghdar, Vahid},
    number = {13},
    month = {9},
    pages = {133603},
    volume = {127},
    publisher = {American Physical Society},
    url = {https://journals-aps-org.proxy.findit.cvt.dk/prl/abstract/10.1103/PhysRevLett.127.133603},
    doi = {10.1103/PHYSREVLETT.127.133603/FIGURES/4/MEDIUM},
    issn = {10797114},
    pmid = {34623836},
    arxivId = {2105.02560}
}

@article{Gomez-Sanchez2018Solid-stateApproach,
    title = {{Solid-state emitter embedded in a microcavity under intense excitation: A variational master-equation approach}},
    year = {2018},
    journal = {Physical Review A},
    author = {G{\'{o}}mez-S{\'{a}}nchez, Oscar J. and Ram{\'{i}}rez, Hanz Y.},
    number = {5},
    month = {11},
    volume = {98},
    publisher = {American Physical Society},
    doi = {10.1103/PhysRevA.98.053846},
    issn = {24699934},
    arxivId = {1611.05532}
}

@techreport{Lowdin1989SomeSystems,
    title = {{Some Remarks on the Perturbation and Variation-Perturbation Calculations of the Free Energy for Quantum Systems}},
    year = {1989},
    booktitle = {ATI0NAL JOURNAL OF QUANTUM CHEMISTRY},
    author = {Lowdin, Per-Olov and Nagel+, Bengt},
    pages = {839--850},
    volume = {XXXV}
}

@article{Clemens2004SpectraLasers,
    title = {{Spectra of single-atom lasers}},
    year = {2004},
    journal = {Journal of the Optical Society of America B},
    author = {Clemens, J. P. and Rice, P. R. and Pedrotti, L. M.},
    number = {11},
    month = {11},
    pages = {2025},
    volume = {21},
    url = {https://opg.optica.org/abstract.cfm?URI=josab-21-11-2025},
    doi = {10.1364/JOSAB.21.002025},
    issn = {0740-3224},
    keywords = {2700270, 2703430, OCIS codes}
}

@article{Pollnau2020SpectralApproximation,
    title = {{Spectral coherence, Part I: Passive-resonator linewidth, fundamental laser linewidth, and Schawlow-Townes approximation}},
    year = {2020},
    journal = {Progress in Quantum Electronics},
    author = {Pollnau, Markus and Eichhorn, Marc},
    month = {8},
    pages = {100255},
    volume = {72},
    publisher = {Elsevier Ltd},
    doi = {10.1016/j.pquantelec.2020.100255},
    issn = {00796727},
    keywords = {Fabry-P{\'{e}}rot resonator, Finesse, Laser linewidth, Laser resonators, Laser theory, Lasers, Optical resonance, Resonator linewidth, Schawlow-Townes equation, Spectral coherence}
}

@article{Loffler1997SpectralLaser,
    title = {{Spectral properties of the one-atom laser}},
    year = {1997},
    journal = {Phys. Rev. A},
    author = {L{\"{o}}ffler, Markus and Meyer, Georg M and Walther, Herbert},
    number = {5},
    month = {5},
    pages = {3923--3930},
    volume = {55},
    publisher = {American Physical Society},
    url = {https://link.aps.org/doi/10.1103/PhysRevA.55.3923},
    doi = {10.1103/PhysRevA.55.3923}
}

@article{Carmichael1987SpectrumTreatment,
    title = {{Spectrum of squeezing and photocurrent shot noise: a normally ordered treatment}},
    year = {1987},
    journal = {Journal of the Optical Society of America B},
    author = {Carmichael, H. J.},
    number = {10},
    month = {10},
    pages = {1588},
    volume = {4},
    url = {https://opg.optica.org/abstract.cfm?URI=josab-4-10-1588},
    doi = {10.1364/JOSAB.4.001588},
    issn = {0740-3224}
}

@article{Roy-Choudhury2015SpontaneousRule,
    title = {{Spontaneous emission from a quantum dot in a structured photonic reservoir: phonon-mediated breakdown of Fermi’s golden rule}},
    year = {2015},
    journal = {Optica},
    author = {Roy-Choudhury, Kaushik and Hughes, Stephen},
    number = {5},
    month = {5},
    pages = {434},
    volume = {2},
    publisher = {The Optical Society},
    doi = {10.1364/optica.2.000434},
    issn = {2334-2536},
    arxivId = {1406.3649}
}

@article{Mork2020SqueezingConfinement,
    title = {{Squeezing of intensity noise in nanolasers and nanoLEDs with extreme dielectric confinement}},
    year = {2020},
    journal = {Optica},
    author = {Mork, Jesper and Yvind, Kresten},
    number = {11},
    pages = {1641},
    volume = {7},
    doi = {10.1364/optica.402190},
    issn = {2334-2536}
}

@article{Nemet2019StabilizingTemperature,
    title = {{Stabilizing quantum coherence against pure dephasing in the presence of time-delayed coherent feedback at finite temperature}},
    year = {2019},
    journal = {Physical Review A},
    author = {N{\'{e}}met, Nikolett and Parkins, Scott and Knorr, Andreas and Carmele, Alexander},
    number = {5},
    month = {5},
    volume = {99},
    publisher = {American Physical Society},
    doi = {10.1103/PhysRevA.99.053809},
    issn = {24699934}
}

@book{Carmichael1999Statistical1,
    title = {{Statistical methods in quantum optics 1}},
    year = {1999},
    author = {Carmichael, Howard J},
    pages = {22--24},
    publisher = {Springer-Verlag Berlin Heidelberg}
}

@article{Carmichael2008Statistical2,
    title = {{Statistical Methods in Quantum Optics 2}},
    year = {2008},
    author = {Carmichael, Howard J.},
    series = {Theoretical and Mathematical Physics},
    publisher = {Springer Berlin Heidelberg},
    url = {http://link.springer.com/10.1007/978-3-540-71320-3},
    address = {Berlin, Heidelberg},
    doi = {10.1007/978-3-540-71320-3}
}

@article{Puccioni2015StochasticLasing,
    title = {{Stochastic Simulator for modeling the transition to lasing}},
    year = {2015},
    journal = {Optics Express},
    author = {Puccioni, G. P. and Lippi, G. L.},
    number = {3},
    pages = {2369},
    volume = {23},
    isbn = {0954612078},
    doi = {10.1364/oe.23.002369},
    issn = {1094-4087}
}

@article{Stuhrenberg2018StrongWSe2,
    title = {{Strong Light-Matter Coupling between Plasmons in Individual Gold Bi-pyramids and Excitons in Mono- and Multilayer WSe2}},
    year = {2018},
    journal = {Nano Letters},
    author = {St{\"{u}}hrenberg, Michael and Munkhbat, Battulga and Baranov, Denis G. and Cuadra, Jorge and Yankovich, Andrew B. and Antosiewicz, Tomasz J. and Olsson, Eva and Shegai, Timur},
    number = {9},
    month = {9},
    pages = {5938--5945},
    volume = {18},
    publisher = {American Chemical Society},
    doi = {10.1021/acs.nanolett.8b02652},
    issn = {15306992},
    pmid = {30081635},
    keywords = {Strong coupling, TMDC, WSe2, exciton, gold bi-pyramid, plasmon resonance}
}

@article{Gies2017StrongLasing,
    title = {{Strong light-matter coupling in the presence of lasing}},
    year = {2017},
    journal = {Physical Review A},
    author = {Gies, C. and Gericke, F. and Gartner, P. and Holzinger, S. and Hopfmann, C. and Heindel, T. and Wolters, J. and Schneider, C. and Florian, M. and Jahnke, F. and H{\"{o}}fling, S. and Kamp, M. and Reitzenstein, S.},
    number = {2},
    month = {8},
    pages = {023806},
    volume = {96},
    publisher = {American Physical Society},
    doi = {10.1103/PhysRevA.96.023806},
    issn = {24699934},
    arxivId = {1606.05591}
}

@article{Gies2017StrongLasingb,
    title = {{Strong light-matter coupling in the presence of lasing}},
    year = {2017},
    journal = {Phys. Rev. A},
    author = {Gies, C and Gericke, F and Gartner, P and Holzinger, S and Hopfmann, C and Heindel, T and Wolters, J and Schneider, C and Florian, M and Jahnke, F and H{\"{o}}fling, S and Kamp, M and Reitzenstein, S},
    number = {2},
    month = {8},
    pages = {23806},
    volume = {96},
    publisher = {American Physical Society},
    url = {https://link.aps.org/doi/10.1103/PhysRevA.96.023806},
    doi = {10.1103/PhysRevA.96.023806}
}

@article{Liu2017StrongLimit,
    title = {{Strong Light-Matter Interactions in Single Open Plasmonic Nanocavities at the Quantum Optics Limit}},
    year = {2017},
    journal = {Physical Review Letters},
    author = {Liu, Renming and Zhou, Zhang Kai and Yu, Yi Cong and Zhang, Tengwei and Wang, Hao and Liu, Guanghui and Wei, Yuming and Chen, Huanjun and Wang, Xue Hua},
    number = {23},
    month = {6},
    volume = {118},
    publisher = {American Physical Society},
    doi = {10.1103/PhysRevLett.118.237401},
    issn = {10797114},
    pmid = {28644668}
}

@article{Kleemann2017Strong-couplingTemperature,
    title = {{Strong-coupling of WSe2 in ultra-compact plasmonic nanocavities at room temperature}},
    year = {2017},
    journal = {Nature Communications},
    author = {Kleemann, Marie Elena and Chikkaraddy, Rohit and Alexeev, Evgeny M. and Kos, Dean and Carnegie, Cloudy and Deacon, Will and De Pury, Alex Casalis and Gro{\ss}e, Christoph and De Nijs, Bart and Mertens, Jan and Tartakovskii, Alexander I. and Baumberg, Jeremy J.},
    number = {1},
    month = {12},
    volume = {8},
    publisher = {Nature Publishing Group},
    doi = {10.1038/S41467-017-01398-3}
}

@article{Wurger1998Strong-couplingModel,
    title = {{Strong-coupling theory for the spin-phonon model}},
    year = {1998},
    journal = {Physical Review B - Condensed Matter and Materials Physics},
    author = {W{\"{u}}rger, Alois},
    number = {1},
    pages = {347--361},
    volume = {57},
    doi = {10.1103/PHYSREVB.57.347}
}

@article{Barkemeyer2021StronglyState,
    title = {{Strongly entangled system-reservoir dynamics with multiphoton pulses beyond the two-excitation limit: Exciting the atom-photon bound state}},
    year = {2021},
    journal = {Physical Review A},
    author = {Barkemeyer, Kisa and Knorr, Andreas and Carmele, Alexander},
    number = {3},
    month = {3},
    pages = {033704},
    volume = {103},
    publisher = {American Physical Society},
    url = {https://link.aps.org/doi/10.1103/PhysRevA.103.033704},
    doi = {10.1103/PhysRevA.103.033704},
    issn = {2469-9926}
}

@article{Barkemeyer2021StronglyStateb,
    title = {{Strongly entangled system-reservoir dynamics with multiphoton pulses beyond the two-excitation limit: Exciting the atom-photon bound state}},
    year = {2021},
    journal = {Physical Review A},
    author = {Barkemeyer, Kisa and Knorr, Andreas and Carmele, Alexander},
    number = {3},
    month = {3},
    volume = {103},
    publisher = {American Physical Society},
    doi = {10.1103/PhysRevA.103.033704},
    issn = {24699934},
    arxivId = {2011.03769}
}

@article{Kozlovskii2014Super-poissonianThreshold,
    title = {{Super-poissonian fluctuations of number of photons in the radiation of a single-mode laser operating near active particles number threshold}},
    year = {2014},
    journal = {Optics and Spectroscopy},
    author = {Kozlovskii, A. V.},
    number = {1},
    month = {1},
    pages = {115--121},
    volume = {116},
    url = {http://link.springer.com/10.1134/S0030400X14010111},
    doi = {10.1134/S0030400X14010111},
    issn = {0030-400X}
}

@article{Wang2020Superthermal-lightLasers,
    title = {{Superthermal-light emission and nontrivial photon statistics in small lasers}},
    year = {2020},
    journal = {Physical Review A},
    author = {Wang, T. and Aktas, D. and Alibart, O. and Picholle, É. and Puccioni, G. P. and Tanzilli, S. and Lippi, G. L.},
    number = {6},
    month = {6},
    pages = {063835},
    volume = {101},
    publisher = {American Physical Society},
    url = {https://link.aps.org/doi/10.1103/PhysRevA.101.063835},
    doi = {10.1103/PhysRevA.101.063835},
    issn = {2469-9926}
}

@article{Galego2016SuppressingFields,
    title = {{Suppressing photochemical reactions with quantized light fields}},
    year = {2016},
    journal = {Nature Communications},
    author = {Galego, Javier and Garcia-Vidal, Francisco J. and Feist, Johannes},
    month = {12},
    volume = {7},
    publisher = {Nature Publishing Group},
    doi = {10.1038/NCOMMS13841}
}

@article{Wei2014Temperature-dependentInsensitivity,
    title = {{Temperature-dependent mollow triplet spectra from a single quantum dot: Rabi frequency renormalization and sideband linewidth insensitivity}},
    year = {2014},
    journal = {Physical Review Letters},
    author = {Wei, Yu Jia and He, Yu and He, Yu Ming and Lu, Chao Yang and Pan, Jian Wei and Schneider, Christian and Kamp, Martin and H{\"{o}}fling, Sven and McCutcheon, Dara P.S. and Nazir, Ahsan},
    number = {9},
    month = {8},
    volume = {113},
    publisher = {American Physical Society},
    doi = {10.1103/PhysRevLett.113.097401},
    issn = {10797114},
    arxivId = {1312.4577}
}

@article{Heuck2018TemporallyTechnologies,
    title = {{Temporally and spectrally multiplexed single photon source using quantum feedback control for scalable photonic quantum technologies}},
    year = {2018},
    journal = {New Journal of Physics},
    author = {Heuck, Mikkel and Pant, Mihir and Englund, Dirk R.},
    number = {6},
    month = {6},
    volume = {20},
    publisher = {Institute of Physics Publishing},
    doi = {10.1088/1367-2630/aac948},
    issn = {13672630},
    arxivId = {1708.08875},
    keywords = {quantum feedback control, quantum information technology, single photon source}
}

@misc{Sanvitto2016TheDevices,
    title = {{The road towards polaritonic devices}},
    year = {2016},
    booktitle = {Nature Materials},
    author = {Sanvitto, Daniele and K{\'{e}}na-Cohen, Stéphane},
    number = {10},
    month = {10},
    pages = {1061--1073},
    volume = {15},
    publisher = {Nature Publishing Group},
    doi = {10.1038/nmat4668},
    issn = {14764660}
}

@article{Kaer2013TheSystems,
    title = {{The role of phonon scattering in the indistinguishability of photons emitted from semiconductor cavity QED systems}},
    year = {2013},
    journal = {New Journal of Physics},
    author = {Kaer, P. and Gregersen, N. and Mork, J.},
    month = {3},
    volume = {15},
    doi = {10.1088/1367-2630/15/3/035027},
    issn = {13672630}
}

@article{Higham2005TheRevisited,
    title = {{The scaling and squaring method for the matrix exponential revisited}},
    year = {2005},
    journal = {SIAM Journal on Matrix Analysis and Applications},
    author = {Higham, Nicholas J.},
    number = {4},
    pages = {1179--1193},
    volume = {26},
    doi = {10.1137/04061101X},
    issn = {08954798},
    keywords = {Backward error analysis, Expm, MATLAB, Matrix exponential, Matrix function, Matrix polynomial evaluation, Pad{\'{e}} approximation, Performance profile, Scaling and squaring method}
}

@book{Breuer2006TheSystems,
    title = {{The Theory of Open Quantum Systems}},
    year = {2006},
    booktitle = {The Theory of Open Quantum Systems},
    author = {Breuer, H.-P and Petruccione, Francesco},
    chapter = {3,9},
    month = {8},
    publisher = {Oxford University, New York},
    doi = {10.1093/acprof:oso/9780199213900.001.0001}
}

@book{Breuer2007TheSystems,
    title = {{The Theory of Open Quantum Systems}},
    year = {2007},
    author = {Breuer, Heinz-Peter and Petruccione, Francesco},
    month = {1},
    publisher = {Oxford University PressOxford},
    url = {https://academic.oup.com/book/27757},
    isbn = {0199213909},
    doi = {10.1093/acprof:oso/9780199213900.001.0001},
    keywords = {ISBN-13: 9780198520634{\\\}0198520638{\\\}9780198520634}
}

@article{Saldutti2023TheNanolasers,
    title = {{The threshold of semiconductor nanolasers}},
    year = {2023},
    author = {Saldutti, Marco and Yu, Yi and M{\o}rk, Jesper},
    month = {5},
    url = {http://arxiv.org/abs/2305.15888},
    arxivId = {2305.15888}
}

@article{Kvasnikov1958THETHEORY,
    title = {{THE USE OF THE VARIATION PRINCIPLE IN THE NEW METHOD OF THE SUPERCONDUCTION THEORY}},
    year = {1958},
    journal = {Doklady Akad. Nauk S.S.S.R.},
    author = {Kvasnikov, I A},
    month = {8},
    volume = {119},
    url = {https://www.osti.gov/biblio/4336979}
}

@phdthesis{Bundgaard-Nielsen2020TheoryNanostructures,
    title = {{Theory and simulation of cavity QED in nanostructures}},
    year = {2020},
    author = {Bundgaard-Nielsen, Matias},
    school = {DTU},
    address = {Lyngby}
}

@article{Lorke2013TheoryTheory,
    title = {{Theory of nanolaser devices: Rate equation analysis versus microscopic theory}},
    year = {2013},
    journal = {Physical Review B - Condensed Matter and Materials Physics},
    author = {Lorke, M. and Suhr, T. and Gregersen, N. and M{\o}rk, J.},
    number = {20},
    month = {5},
    pages = {205310},
    volume = {87},
    doi = {10.1103/PhysRevB.87.205310},
    issn = {10980121}
}

@techreport{Lyngby2020TheoryLasers,
    title = {{Theory of single-emitter lasers}},
    year = {2020},
    author = {Lyngby, Peder Meisner}
}

@article{Merrifield1964TheoryStates,
    title = {{Theory of the vibrational structure of molecular exciton states}},
    year = {1964},
    journal = {The Journal of Chemical Physics},
    author = {Merrifield, R. E.},
    number = {2},
    pages = {445--450},
    volume = {40},
    doi = {10.1063/1.1725135},
    issn = {00219606}
}

@article{Ford1996ThereTheorem,
    title = {{There is No Quantum Regression Theorem}},
    year = {1996},
    journal = {Phys. Rev. Lett.},
    author = {Ford, G W and O'Connell, R F},
    number = {5},
    month = {7},
    pages = {798--801},
    volume = {77},
    publisher = {American Physical Society},
    url = {https://link.aps.org/doi/10.1103/PhysRevLett.77.798},
    doi = {10.1103/PhysRevLett.77.798}
}

@article{Hofmann2000ThermalThreshold,
    title = {{Thermal photon statistics in laser light above threshold}},
    year = {2000},
    journal = {Physical Review A},
    author = {Hofmann, Holger F. and Hess, Ortwin},
    number = {6},
    month = {11},
    pages = {063807},
    volume = {62},
    url = {https://link.aps.org/doi/10.1103/PhysRevA.62.063807},
    doi = {10.1103/PhysRevA.62.063807},
    issn = {1050-2947}
}

@article{Carroll2021ThermalDevices,
    title = {{Thermal, Quantum Antibunching and Lasing Thresholds from Single Emitters to Macroscopic Devices}},
    year = {2021},
    journal = {Physical Review Letters},
    author = {Carroll, Mark Anthony and D'Alessandro, Giampaolo and Lippi, Gian Luca and Oppo, Gian-Luca and Papoff, Francesco},
    number = {6},
    month = {2},
    pages = {063902},
    volume = {126},
    publisher = {American Physical Society},
    url = {https://link.aps.org/doi/10.1103/PhysRevLett.126.063902},
    doi = {10.1103/PhysRevLett.126.063902},
    issn = {0031-9007},
    keywords = {doi:10.1103/PhysRevLett.126.063902 url:https://doi}
}

@article{Carroll2021ThermalDevicesb,
    title = {{Thermal, Quantum Antibunching and Lasing Thresholds from Single Emitters to Macroscopic Devices}},
    year = {2021},
    journal = {Physical Review Letters},
    author = {Carroll, Mark Anthony and D'Alessandro, Giampaolo and Lippi, Gian Luca and Oppo, Gian-Luca and Papoff, Francesco},
    number = {6},
    month = {2},
    pages = {063902},
    volume = {126},
    publisher = {American Physical Society},
    url = {https://link.aps.org/doi/10.1103/PhysRevLett.126.063902},
    doi = {10.1103/PhysRevLett.126.063902},
    issn = {0031-9007},
    keywords = {doi:10.1103/PhysRevLett.126.063902 url:https://doi}
}

@article{Carroll2021ThermalDevicesc,
    title = {{Thermal, Quantum Antibunching and Lasing Thresholds from Single Emitters to Macroscopic Devices}},
    year = {2021},
    journal = {Physical Review Letters},
    author = {Carroll, Mark Anthony and D'Alessandro, Giampaolo and Lippi, Gian Luca and Oppo, Gian-Luca and Papoff, Francesco},
    number = {6},
    month = {2},
    pages = {063902},
    volume = {126},
    publisher = {American Physical Society},
    url = {https://link.aps.org/doi/10.1103/PhysRevLett.126.063902},
    doi = {10.1103/PhysRevLett.126.063902},
    issn = {0031-9007}
}

@article{Ota2017ThresholdlessNanolaser,
    title = {{Thresholdless quantum dot nanolaser}},
    year = {2017},
    journal = {Optics Express},
    author = {Ota, Yasutomo and Kakuda, Masahiro and Watanabe, Katsuyuki and Iwamoto, Satoshi and Arakawa, Yasuhiko},
    number = {17},
    pages = {19981},
    volume = {25},
    doi = {10.1364/oe.25.019981},
    issn = {1094-4087},
    pmid = {29041684}
}

@article{Poshakinskiy2014Time-dependentMode,
    title = {{Time-dependent photon correlations for incoherently pumped quantum dot strongly coupled to the cavity mode}},
    year = {2014},
    journal = {Journal of Experimental and Theoretical Physics},
    author = {Poshakinskiy, A. V. and Poddubny, A. N.},
    number = {2},
    pages = {205--216},
    volume = {118},
    publisher = {Maik Nauka-Interperiodica Publishing},
    doi = {10.1134/S1063776114020186},
    issn = {10637761}
}

@article{Notomi2014TowardChip,
    title = {{Toward fJ/bit optical communication in a chip}},
    year = {2014},
    journal = {Optics Communications},
    author = {Notomi, Masaya and Nozaki, Kengo and Shinya, Akihiko and Matsuo, Shinji and Kuramochi, Eiichi},
    month = {3},
    pages = {3--17},
    volume = {314},
    doi = {10.1016/j.optcom.2013.09.073},
    issn = {00304018},
    keywords = {Nanocavity, Photonic crystal, Photonic integration, Photonic network on chip}
}

@article{Mottonen2005TransformationRotations,
    title = {{Transformation of quantum states using uniformly controlled rotations}},
    year = {2005},
    journal = {Quantum Information and Computation},
    author = {M{\"{o}}tt{\"{o}}nen, Mikko and Vartiainen, Juha J. and Bergholm, Ville and Salomaa, Martti M.},
    number = {6},
    pages = {467--473},
    volume = {5},
    issn = {15337146},
    arxivId = {quant-ph/0407010},
    keywords = {Quantum computation, Quantum state preparation}
}

@techreport{Silbey1989TunnelingDescription,
    title = {{Tunneling of Molecules in Low-Temperature Media: An Elementary Description}},
    year = {1989},
    booktitle = {J. Phys. Chem},
    author = {Silbey, Robert and Harris, Robert A},
    pages = {7062--7071},
    volume = {93},
    url = {https://pubs.acs.org/sharingguidelines}
}

@article{Pichler2017UniversalFeedback,
    title = {{Universal photonic quantum computation via time-delayed feedback}},
    year = {2017},
    journal = {Proceedings of the National Academy of Sciences of the United States of America},
    author = {Pichler, Hannes and Choi, Soonwon and Zoller, Peter and Lukin, Mikhail D.},
    number = {43},
    month = {10},
    pages = {11362--11367},
    volume = {114},
    publisher = {National Academy of Sciences},
    doi = {10.1073/pnas.1711003114},
    issn = {10916490},
    pmid = {29073057},
    keywords = {Delayed feedback, Photonic quantum computation, Quantum optics}
}

@article{Silbey1983VariationalBath,
    title = {{Variational calculation of the dynamics of a two level system interacting with a bath}},
    year = {1983},
    journal = {The Journal of Chemical Physics},
    author = {Silbey, Robert and Harris, Robert A.},
    number = {6},
    pages = {2615--2617},
    volume = {80},
    doi = {10.1063/1.447055},
    issn = {00219606}
}

@article{Harris1985VariationalSystem,
    title = {{Variational calculation of the tunneling system interacting with a heat bath. II. Dynamics of an asymmetric tunneling system}},
    year = {1985},
    journal = {The Journal of Chemical Physics},
    author = {Harris, R. A. and Silbey, R.},
    number = {3},
    pages = {1069--1074},
    volume = {83},
    doi = {10.1063/1.449469},
    issn = {00219606}
}

@misc{Kuzemsky2015VariationalSystems,
    title = {{Variational principle of Bogoliubov and generalized mean fields in many-particle interacting systems}},
    year = {2015},
    booktitle = {International Journal of Modern Physics B},
    author = {Kuzemsky, A. L.},
    number = {18},
    month = {7},
    volume = {29},
    publisher = {World Scientific Publishing Co. Pte Ltd},
    doi = {10.1142/S0217979215300108},
    issn = {17936578},
    keywords = {Bogoliubov inequality, Mathematical physics, generalized mean fields, many-particle interacting systems, model Hamiltonians of many-particle interacting sy, statistical mechanics, the variational principle of Bogoliubov, variational methods}
}

@article{Sheremet2023WaveguideCorrelations,
    title = {{Waveguide quantum electrodynamics: Collective radiance and photon-photon correlations}},
    year = {2023},
    journal = {Reviews of Modern Physics},
    author = {Sheremet, Alexandra S. and Petrov, Mihail I. and Iorsh, Ivan V. and Poshakinskiy, Alexander V. and Poddubny, Alexander N.},
    number = {1},
    month = {3},
    pages = {015002},
    volume = {95},
    publisher = {American Physical Society (APS)},
    url = {https://link.aps.org/doi/10.1103/RevModPhys.95.015002},
    doi = {10.1103/RevModPhys.95.015002},
    issn = {0034-6861}
}

@article{Wu2016WhenFields,
    title = {{When polarons meet polaritons: Exciton-vibration interactions in organic molecules strongly coupled to confined light fields}},
    year = {2016},
    journal = {Physical Review B},
    author = {Wu, Ning and Feist, Johannes and Garcia-Vidal, Francisco J.},
    number = {19},
    volume = {94},
    publisher = {American Physical Society},
    doi = {10.1103/PhysRevB.94.195409},
    issn = {24699969},
    arxivId = {1608.08019}
}

@article{Lippi2022PhaseNanolasers,
    title = {{“Phase transitions” in small systems: Why standard threshold definitions fail for nanolasers}},
    year = {2022},
    journal = {Chaos, Solitons {\&} Fractals},
    author = {Lippi, G.L. and Wang, T. and Puccioni, G.P.},
    month = {4},
    pages = {111850},
    volume = {157},
    publisher = {Elsevier Ltd},
    url = {https://linkinghub.elsevier.com/retrieve/pii/S0960077922000613},
    doi = {10.1016/j.chaos.2022.111850},
    issn = {09600779},
    keywords = {Laser threshold, Micro-/nanolasers, Phase transition, Topological analysis}
}